,timestamp,buyer,seller,symbol,currency,price,quantity
0,0,Caesar,Paris,CROISSANTS,SEASHELLS,4265.0,8
2,200,Paris,Caesar,CROISSANTS,SEASHELLS,4266.0,8
10,600,Paris,Caesar,CROISSANTS,SEASHELLS,4266.0,5
25,1600,Caesar,Paris,CROISSANTS,SEASHELLS,4267.0,8
69,5000,Caesar,Camilla,CROISSANTS,SEASHELLS,4267.0,4
93,6400,Paris,Caesar,CROISSANTS,SEASHELLS,4266.0,8
102,7100,Caesar,Camilla,CROISSANTS,SEASHELLS,4266.0,7
103,7200,Caesar,Camilla,CROISSANTS,SEASHELLS,4267.0,5
116,7900,Caesar,Paris,CROISSANTS,SEASHELLS,4267.0,8
148,10000,Caesar,Paris,CROISSANTS,SEASHELLS,4269.0,8
180,12700,Caesar,Paris,CROISSANTS,SEASHELLS,4266.0,7
189,13700,Caesar,Paris,CROISSANTS,SEASHELLS,4267.0,7
201,14200,Caesar,Paris,CROISSANTS,SEASHELLS,4268.0,6
203,14400,Caesar,Camilla,CROISSANTS,SEASHELLS,4268.0,9
211,14800,Caesar,Camilla,CROISSANTS,SEASHELLS,4267.0,10
212,15000,Caesar,Paris,CROISSANTS,SEASHELLS,4267.0,5
229,15800,Paris,Caesar,CROISSANTS,SEASHELLS,4267.0,7
247,16900,Paris,Caesar,CROISSANTS,SEASHELLS,4266.0,5
270,19000,Caesar,Paris,CROISSANTS,SEASHELLS,4265.0,7
297,19900,Caesar,Paris,CROISSANTS,SEASHELLS,4263.0,5
304,20300,Paris,Caesar,CROISSANTS,SEASHELLS,4264.0,6
331,21600,Caesar,Paris,CROISSANTS,SEASHELLS,4264.0,8
336,21800,Paris,Caesar,CROISSANTS,SEASHELLS,4265.0,7
386,24400,Caesar,Camilla,CROISSANTS,SEASHELLS,4263.0,9
399,25800,Paris,Caesar,CROISSANTS,SEASHELLS,4265.0,8
415,26800,Caesar,Camilla,CROISSANTS,SEASHELLS,4264.0,8
436,27900,Caesar,Paris,CROISSANTS,SEASHELLS,4264.0,8
480,30800,Caesar,Paris,CROISSANTS,SEASHELLS,4266.0,6
519,32600,Caesar,Camilla,CROISSANTS,SEASHELLS,4269.0,9
528,33200,Caesar,Camilla,CROISSANTS,SEASHELLS,4268.0,9
543,34700,Paris,Caesar,CROISSANTS,SEASHELLS,4271.0,5
559,35400,Paris,Caesar,CROISSANTS,SEASHELLS,4271.0,5
588,37000,Paris,Caesar,CROISSANTS,SEASHELLS,4270.0,7
595,37400,Caesar,Camilla,CROISSANTS,SEASHELLS,4268.0,7
621,39600,Paris,Caesar,CROISSANTS,SEASHELLS,4273.0,6
623,39900,Caesar,Paris,CROISSANTS,SEASHELLS,4272.0,6
634,40500,Paris,Caesar,CROISSANTS,SEASHELLS,4272.0,5
648,41600,Paris,Caesar,CROISSANTS,SEASHELLS,4269.0,8
652,42200,Caesar,Paris,CROISSANTS,SEASHELLS,4267.0,6
660,43200,Caesar,Paris,CROISSANTS,SEASHELLS,4267.0,8
675,44100,Caesar,Paris,CROISSANTS,SEASHELLS,4266.0,7
713,46500,Caesar,Paris,CROISSANTS,SEASHELLS,4265.0,5
717,46800,Paris,Caesar,CROISSANTS,SEASHELLS,4266.0,6
722,47200,Caesar,Paris,CROISSANTS,SEASHELLS,4265.0,7
736,47700,Caesar,Paris,CROISSANTS,SEASHELLS,4265.0,5
737,47800,Paris,Caesar,CROISSANTS,SEASHELLS,4266.0,7
771,49200,Caesar,Paris,CROISSANTS,SEASHELLS,4265.0,8
779,49600,Caesar,Camilla,CROISSANTS,SEASHELLS,4266.0,6
800,50500,Caesar,Camilla,CROISSANTS,SEASHELLS,4265.0,6
855,53400,Caesar,Paris,CROISSANTS,SEASHELLS,4266.0,6
864,53900,Caesar,Paris,CROISSANTS,SEASHELLS,4265.0,7
878,55100,Caesar,Paris,CROISSANTS,SEASHELLS,4264.0,7
880,55200,Paris,Caesar,CROISSANTS,SEASHELLS,4265.0,5
890,56100,Paris,Caesar,CROISSANTS,SEASHELLS,4266.0,8
982,59200,Caesar,Paris,CROISSANTS,SEASHELLS,4265.0,6
991,59800,Caesar,Paris,CROISSANTS,SEASHELLS,4265.0,8
1016,61200,Caesar,Camilla,CROISSANTS,SEASHELLS,4265.0,10
1060,64100,Paris,Caesar,CROISSANTS,SEASHELLS,4265.0,6
1077,65100,Caesar,Camilla,CROISSANTS,SEASHELLS,4263.0,8
1080,65200,Paris,Caesar,CROISSANTS,SEASHELLS,4264.0,5
1085,65300,Paris,Caesar,CROISSANTS,SEASHELLS,4264.0,6
1087,65400,Paris,Caesar,CROISSANTS,SEASHELLS,4264.0,8
1092,65500,Paris,Caesar,CROISSANTS,SEASHELLS,4264.0,5
1157,68400,Paris,Caesar,CROISSANTS,SEASHELLS,4265.0,6
1178,69800,Caesar,Paris,CROISSANTS,SEASHELLS,4263.0,5
1185,70600,Paris,Caesar,CROISSANTS,SEASHELLS,4266.0,8
1187,71100,Paris,Caesar,CROISSANTS,SEASHELLS,4266.0,5
1190,71500,Caesar,Camilla,CROISSANTS,SEASHELLS,4266.0,10
1209,72400,Caesar,Camilla,CROISSANTS,SEASHELLS,4267.0,5
1216,72600,Caesar,Paris,CROISSANTS,SEASHELLS,4267.0,7
1250,74400,Caesar,Camilla,CROISSANTS,SEASHELLS,4266.0,6
1251,74400,Paris,Caesar,CROISSANTS,SEASHELLS,4267.0,5
1270,75100,Caesar,Paris,CROISSANTS,SEASHELLS,4266.0,6
1297,76400,Caesar,Camilla,CROISSANTS,SEASHELLS,4265.0,4
1300,76500,Paris,Caesar,CROISSANTS,SEASHELLS,4265.0,5
1304,76800,Caesar,Camilla,CROISSANTS,SEASHELLS,4264.0,7
1305,76900,Caesar,Paris,CROISSANTS,SEASHELLS,4264.0,5
1309,77200,Caesar,Camilla,CROISSANTS,SEASHELLS,4264.0,9
1311,77500,Caesar,Camilla,CROISSANTS,SEASHELLS,4263.0,4
1329,79000,Paris,Caesar,CROISSANTS,SEASHELLS,4265.0,8
1333,79200,Caesar,Camilla,CROISSANTS,SEASHELLS,4263.0,8
1357,80500,Caesar,Paris,CROISSANTS,SEASHELLS,4261.0,5
1363,80800,Paris,Caesar,CROISSANTS,SEASHELLS,4263.0,5
1372,81600,Caesar,Paris,CROISSANTS,SEASHELLS,4262.0,8
1373,81700,Paris,Caesar,CROISSANTS,SEASHELLS,4263.0,5
1403,82800,Caesar,Paris,CROISSANTS,SEASHELLS,4263.0,5
1409,83100,Paris,Caesar,CROISSANTS,SEASHELLS,4264.0,8
1435,84800,Caesar,Camilla,CROISSANTS,SEASHELLS,4264.0,10
1456,85600,Caesar,Paris,CROISSANTS,SEASHELLS,4263.0,8
1506,88500,Caesar,Camilla,CROISSANTS,SEASHELLS,4266.0,8
1522,89500,Paris,Caesar,CROISSANTS,SEASHELLS,4268.0,7
1525,89800,Caesar,Camilla,CROISSANTS,SEASHELLS,4266.0,10
1582,91800,Caesar,Paris,CROISSANTS,SEASHELLS,4265.0,6
1623,93900,Caesar,Camilla,CROISSANTS,SEASHELLS,4267.0,8
1660,96300,Caesar,Camilla,CROISSANTS,SEASHELLS,4266.0,4
1664,96700,Caesar,Camilla,CROISSANTS,SEASHELLS,4266.0,10
1686,98100,Paris,Caesar,CROISSANTS,SEASHELLS,4266.0,5
1706,99400,Paris,Caesar,CROISSANTS,SEASHELLS,4265.0,8
1751,102300,Paris,Caesar,CROISSANTS,SEASHELLS,4263.0,7
1766,102900,Caesar,Paris,CROISSANTS,SEASHELLS,4262.0,7
1775,103600,Caesar,Paris,CROISSANTS,SEASHELLS,4262.0,5
1806,105100,Caesar,Camilla,CROISSANTS,SEASHELLS,4263.0,6
1840,107000,Paris,Caesar,CROISSANTS,SEASHELLS,4264.0,5
1858,108100,Paris,Caesar,CROISSANTS,SEASHELLS,4266.0,7
1880,109400,Caesar,Paris,CROISSANTS,SEASHELLS,4265.0,6
1894,110000,Caesar,Paris,CROISSANTS,SEASHELLS,4266.0,7
1902,110700,Caesar,Paris,CROISSANTS,SEASHELLS,4266.0,6
1913,111500,Paris,Caesar,CROISSANTS,SEASHELLS,4266.0,6
1918,111700,Caesar,Camilla,CROISSANTS,SEASHELLS,4265.0,9
1979,114700,Paris,Caesar,CROISSANTS,SEASHELLS,4267.0,6
2022,116900,Caesar,Paris,CROISSANTS,SEASHELLS,4265.0,8
2057,119800,Paris,Caesar,CROISSANTS,SEASHELLS,4267.0,8
2060,120000,Caesar,Paris,CROISSANTS,SEASHELLS,4267.0,5
2061,120100,Caesar,Paris,CROISSANTS,SEASHELLS,4266.0,8
2063,120300,Caesar,Paris,CROISSANTS,SEASHELLS,4266.0,7
2070,120900,Caesar,Camilla,CROISSANTS,SEASHELLS,4266.0,10
2098,122900,Caesar,Paris,CROISSANTS,SEASHELLS,4267.0,6
2106,123200,Caesar,Paris,CROISSANTS,SEASHELLS,4266.0,6
2120,124300,Caesar,Camilla,CROISSANTS,SEASHELLS,4267.0,10
2144,126400,Caesar,Paris,CROISSANTS,SEASHELLS,4266.0,8
2166,127300,Caesar,Camilla,CROISSANTS,SEASHELLS,4266.0,10
2171,127700,Paris,Caesar,CROISSANTS,SEASHELLS,4267.0,8
2189,128200,Caesar,Paris,CROISSANTS,SEASHELLS,4265.0,5
2199,129000,Caesar,Camilla,CROISSANTS,SEASHELLS,4265.0,5
2219,129900,Paris,Caesar,CROISSANTS,SEASHELLS,4266.0,5
2222,130200,Caesar,Paris,CROISSANTS,SEASHELLS,4266.0,8
2224,130300,Paris,Caesar,CROISSANTS,SEASHELLS,4268.0,8
2232,130500,Caesar,Paris,CROISSANTS,SEASHELLS,4267.0,7
2246,131400,Paris,Caesar,CROISSANTS,SEASHELLS,4267.0,5
2267,132200,Caesar,Camilla,CROISSANTS,SEASHELLS,4265.0,10
2306,134600,Paris,Caesar,CROISSANTS,SEASHELLS,4268.0,8
2308,134800,Paris,Caesar,CROISSANTS,SEASHELLS,4268.0,5
2335,136600,Caesar,Paris,CROISSANTS,SEASHELLS,4267.0,7
2350,137000,Caesar,Camilla,CROISSANTS,SEASHELLS,4267.0,4
2371,138200,Paris,Caesar,CROISSANTS,SEASHELLS,4268.0,8
2372,138300,Caesar,Paris,CROISSANTS,SEASHELLS,4267.0,6
2379,139300,Caesar,Camilla,CROISSANTS,SEASHELLS,4267.0,5
2393,140100,Paris,Caesar,CROISSANTS,SEASHELLS,4268.0,6
2401,140400,Paris,Caesar,CROISSANTS,SEASHELLS,4267.0,7
2414,141000,Paris,Caesar,CROISSANTS,SEASHELLS,4267.0,5
2426,141900,Caesar,Paris,CROISSANTS,SEASHELLS,4265.0,7
2433,142200,Caesar,Paris,CROISSANTS,SEASHELLS,4265.0,8
2435,142300,Caesar,Paris,CROISSANTS,SEASHELLS,4265.0,6
2438,142500,Paris,Caesar,CROISSANTS,SEASHELLS,4266.0,5
2461,143900,Caesar,Camilla,CROISSANTS,SEASHELLS,4263.0,8
2468,144000,Paris,Caesar,CROISSANTS,SEASHELLS,4264.0,5
2473,144300,Caesar,Camilla,CROISSANTS,SEASHELLS,4263.0,6
2491,145400,Paris,Caesar,CROISSANTS,SEASHELLS,4263.0,6
2527,146400,Paris,Caesar,CROISSANTS,SEASHELLS,4263.0,7
2543,147800,Caesar,Paris,CROISSANTS,SEASHELLS,4262.0,5
2606,153300,Caesar,Paris,CROISSANTS,SEASHELLS,4261.0,7
2612,153700,Paris,Caesar,CROISSANTS,SEASHELLS,4263.0,5
2621,154000,Caesar,Camilla,CROISSANTS,SEASHELLS,4262.0,4
2630,154600,Caesar,Camilla,CROISSANTS,SEASHELLS,4262.0,5
2633,154700,Paris,Caesar,CROISSANTS,SEASHELLS,4264.0,8
2691,156900,Paris,Caesar,CROISSANTS,SEASHELLS,4265.0,7
2718,158800,Caesar,Paris,CROISSANTS,SEASHELLS,4265.0,7
2738,160000,Caesar,Paris,CROISSANTS,SEASHELLS,4266.0,8
2750,161100,Paris,Caesar,CROISSANTS,SEASHELLS,4267.0,6
2788,162500,Caesar,Camilla,CROISSANTS,SEASHELLS,4267.0,7
2836,165600,Caesar,Paris,CROISSANTS,SEASHELLS,4270.0,7
2863,167300,Caesar,Paris,CROISSANTS,SEASHELLS,4270.0,7
2869,167700,Caesar,Paris,CROISSANTS,SEASHELLS,4268.0,6
2885,168500,Caesar,Paris,CROISSANTS,SEASHELLS,4269.0,5
2917,170400,Caesar,Paris,CROISSANTS,SEASHELLS,4268.0,7
2930,171900,Caesar,Camilla,CROISSANTS,SEASHELLS,4270.0,10
2971,173100,Caesar,Paris,CROISSANTS,SEASHELLS,4270.0,8
2974,173200,Caesar,Paris,CROISSANTS,SEASHELLS,4270.0,5
3003,174800,Caesar,Paris,CROISSANTS,SEASHELLS,4274.0,8
3022,176200,Paris,Caesar,CROISSANTS,SEASHELLS,4277.0,6
3035,176800,Paris,Caesar,CROISSANTS,SEASHELLS,4277.0,7
3038,177000,Caesar,Paris,CROISSANTS,SEASHELLS,4275.0,7
3041,177200,Paris,Caesar,CROISSANTS,SEASHELLS,4276.0,7
3049,178000,Caesar,Paris,CROISSANTS,SEASHELLS,4275.0,7
3071,179300,Paris,Caesar,CROISSANTS,SEASHELLS,4275.0,5
3129,181600,Paris,Caesar,CROISSANTS,SEASHELLS,4276.0,5
3145,182700,Paris,Caesar,CROISSANTS,SEASHELLS,4276.0,5
3149,182900,Caesar,Camilla,CROISSANTS,SEASHELLS,4275.0,5
3166,183600,Caesar,Camilla,CROISSANTS,SEASHELLS,4273.0,4
3167,183600,Caesar,Paris,CROISSANTS,SEASHELLS,4273.0,8
3168,183800,Caesar,Camilla,CROISSANTS,SEASHELLS,4272.0,9
3188,184500,Paris,Caesar,CROISSANTS,SEASHELLS,4274.0,5
3196,184900,Caesar,Camilla,CROISSANTS,SEASHELLS,4273.0,7
3202,185400,Paris,Caesar,CROISSANTS,SEASHELLS,4274.0,8
3248,188300,Caesar,Paris,CROISSANTS,SEASHELLS,4272.0,6
3262,188800,Caesar,Paris,CROISSANTS,SEASHELLS,4272.0,6
3266,189000,Paris,Caesar,CROISSANTS,SEASHELLS,4272.0,5
3287,189800,Paris,Caesar,CROISSANTS,SEASHELLS,4272.0,6
3298,190400,Paris,Caesar,CROISSANTS,SEASHELLS,4272.0,5
3328,191600,Paris,Caesar,CROISSANTS,SEASHELLS,4273.0,8
3332,191800,Caesar,Paris,CROISSANTS,SEASHELLS,4272.0,6
3341,192400,Caesar,Paris,CROISSANTS,SEASHELLS,4273.0,6
3353,192700,Caesar,Paris,CROISSANTS,SEASHELLS,4273.0,5
3384,194100,Caesar,Camilla,CROISSANTS,SEASHELLS,4275.0,4
3389,194400,Paris,Caesar,CROISSANTS,SEASHELLS,4276.0,7
3469,198700,Caesar,Camilla,CROISSANTS,SEASHELLS,4277.0,8
3515,201600,Caesar,Olivia,CROISSANTS,SEASHELLS,4278.0,3
3521,202000,Paris,Caesar,CROISSANTS,SEASHELLS,4279.0,5
3564,203300,Caesar,Paris,CROISSANTS,SEASHELLS,4277.0,5
3570,203500,Caesar,Paris,CROISSANTS,SEASHELLS,4276.0,6
3578,203800,Paris,Caesar,CROISSANTS,SEASHELLS,4276.0,6
3606,206000,Caesar,Paris,CROISSANTS,SEASHELLS,4276.0,8
3611,206200,Caesar,Paris,CROISSANTS,SEASHELLS,4276.0,7
3637,207300,Caesar,Paris,CROISSANTS,SEASHELLS,4276.0,6
3647,207800,Caesar,Camilla,CROISSANTS,SEASHELLS,4275.0,4
3667,208800,Paris,Caesar,CROISSANTS,SEASHELLS,4277.0,5
3675,209200,Paris,Caesar,CROISSANTS,SEASHELLS,4277.0,8
3693,209800,Paris,Caesar,CROISSANTS,SEASHELLS,4276.0,6
3706,210200,Caesar,Paris,CROISSANTS,SEASHELLS,4273.0,5
3711,211000,Paris,Caesar,CROISSANTS,SEASHELLS,4273.0,5
3740,212200,Paris,Caesar,CROISSANTS,SEASHELLS,4274.0,7
3768,213200,Caesar,Camilla,CROISSANTS,SEASHELLS,4271.0,8
3831,216100,Caesar,Paris,CROISSANTS,SEASHELLS,4269.0,6
3842,217000,Caesar,Paris,CROISSANTS,SEASHELLS,4269.0,5
3894,219000,Caesar,Paris,CROISSANTS,SEASHELLS,4271.0,7
3897,219100,Paris,Caesar,CROISSANTS,SEASHELLS,4272.0,7
3901,219200,Caesar,Paris,CROISSANTS,SEASHELLS,4271.0,7
3907,219600,Caesar,Paris,CROISSANTS,SEASHELLS,4271.0,7
3913,219900,Paris,Caesar,CROISSANTS,SEASHELLS,4272.0,7
3914,220200,Caesar,Paris,CROISSANTS,SEASHELLS,4270.0,7
3921,220900,Caesar,Paris,CROISSANTS,SEASHELLS,4270.0,7
3946,221400,Caesar,Paris,CROISSANTS,SEASHELLS,4271.0,7
3953,222000,Caesar,Camilla,CROISSANTS,SEASHELLS,4270.0,9
3960,222400,Paris,Caesar,CROISSANTS,SEASHELLS,4271.0,7
3983,223600,Caesar,Paris,CROISSANTS,SEASHELLS,4271.0,8
4014,224700,Paris,Caesar,CROISSANTS,SEASHELLS,4274.0,7
4022,225200,Paris,Caesar,CROISSANTS,SEASHELLS,4274.0,8
4046,226400,Caesar,Paris,CROISSANTS,SEASHELLS,4273.0,6
4053,227100,Paris,Caesar,CROISSANTS,SEASHELLS,4274.0,5
4060,227700,Paris,Caesar,CROISSANTS,SEASHELLS,4272.0,5
4067,228300,Caesar,Camilla,CROISSANTS,SEASHELLS,4271.0,9
4125,231500,Caesar,Paris,CROISSANTS,SEASHELLS,4271.0,7
4133,231800,Paris,Caesar,CROISSANTS,SEASHELLS,4273.0,5
4137,232100,Caesar,Paris,CROISSANTS,SEASHELLS,4274.0,6
4140,232200,Caesar,Camilla,CROISSANTS,SEASHELLS,4275.0,4
4169,234300,Paris,Caesar,CROISSANTS,SEASHELLS,4275.0,7
4221,237400,Caesar,Paris,CROISSANTS,SEASHELLS,4272.0,7
4255,238800,Caesar,Camilla,CROISSANTS,SEASHELLS,4272.0,7
4303,240300,Paris,Caesar,CROISSANTS,SEASHELLS,4274.0,6
4346,242500,Paris,Caesar,CROISSANTS,SEASHELLS,4274.0,8
4362,243300,Paris,Caesar,CROISSANTS,SEASHELLS,4274.0,5
4373,244000,Paris,Caesar,CROISSANTS,SEASHELLS,4273.0,6
4386,244300,Caesar,Paris,CROISSANTS,SEASHELLS,4272.0,8
4389,244400,Caesar,Camilla,CROISSANTS,SEASHELLS,4272.0,8
4408,245700,Caesar,Paris,CROISSANTS,SEASHELLS,4270.0,8
4452,248700,Caesar,Camilla,CROISSANTS,SEASHELLS,4270.0,10
4471,249300,Caesar,Paris,CROISSANTS,SEASHELLS,4269.0,5
4481,249900,Caesar,Paris,CROISSANTS,SEASHELLS,4269.0,7
4513,251000,Paris,Caesar,CROISSANTS,SEASHELLS,4270.0,5
4567,253600,Caesar,Camilla,CROISSANTS,SEASHELLS,4269.0,9
4581,254700,Caesar,Paris,CROISSANTS,SEASHELLS,4270.0,6
4592,255000,Paris,Caesar,CROISSANTS,SEASHELLS,4271.0,5
4596,255500,Caesar,Paris,CROISSANTS,SEASHELLS,4270.0,6
4634,257900,Caesar,Paris,CROISSANTS,SEASHELLS,4272.0,8
4670,259900,Paris,Caesar,CROISSANTS,SEASHELLS,4274.0,6
4672,260100,Paris,Caesar,CROISSANTS,SEASHELLS,4274.0,5
4716,262000,Paris,Caesar,CROISSANTS,SEASHELLS,4271.0,6
4732,262300,Paris,Caesar,CROISSANTS,SEASHELLS,4271.0,6
4743,263000,Caesar,Paris,CROISSANTS,SEASHELLS,4270.0,8
4750,263500,Caesar,Paris,CROISSANTS,SEASHELLS,4270.0,5
4810,266400,Caesar,Paris,CROISSANTS,SEASHELLS,4269.0,6
4838,267400,Paris,Caesar,CROISSANTS,SEASHELLS,4269.0,8
4855,268200,Paris,Caesar,CROISSANTS,SEASHELLS,4269.0,8
4900,269800,Caesar,Camilla,CROISSANTS,SEASHELLS,4266.0,6
4909,270400,Paris,Caesar,CROISSANTS,SEASHELLS,4267.0,5
4912,270900,Paris,Caesar,CROISSANTS,SEASHELLS,4267.0,8
4931,271700,Paris,Caesar,CROISSANTS,SEASHELLS,4267.0,7
4944,272800,Paris,Caesar,CROISSANTS,SEASHELLS,4266.0,6
5006,275800,Caesar,Camilla,CROISSANTS,SEASHELLS,4263.0,8
5009,276000,Paris,Caesar,CROISSANTS,SEASHELLS,4264.0,7
5011,276200,Caesar,Camilla,CROISSANTS,SEASHELLS,4263.0,4
5023,276700,Paris,Caesar,CROISSANTS,SEASHELLS,4264.0,6
5034,277500,Caesar,Camilla,CROISSANTS,SEASHELLS,4263.0,5
5048,278200,Caesar,Camilla,CROISSANTS,SEASHELLS,4263.0,6
5118,282300,Paris,Caesar,CROISSANTS,SEASHELLS,4264.0,6
5189,286500,Caesar,Paris,CROISSANTS,SEASHELLS,4262.0,6
5231,289300,Caesar,Paris,CROISSANTS,SEASHELLS,4259.0,8
5234,289500,Caesar,Paris,CROISSANTS,SEASHELLS,4259.0,5
5257,291600,Caesar,Paris,CROISSANTS,SEASHELLS,4258.0,6
5270,292300,Paris,Caesar,CROISSANTS,SEASHELLS,4260.0,8
5276,292700,Caesar,Camilla,CROISSANTS,SEASHELLS,4259.0,9
5306,294200,Paris,Caesar,CROISSANTS,SEASHELLS,4261.0,5
5307,294400,Caesar,Camilla,CROISSANTS,SEASHELLS,4259.0,7
5371,297100,Paris,Caesar,CROISSANTS,SEASHELLS,4262.0,8
5390,298500,Caesar,Paris,CROISSANTS,SEASHELLS,4260.0,6
5425,299700,Caesar,Camilla,CROISSANTS,SEASHELLS,4259.0,8
5446,301100,Caesar,Paris,CROISSANTS,SEASHELLS,4260.0,8
5456,301300,Caesar,Camilla,CROISSANTS,SEASHELLS,4260.0,6
5459,301600,Paris,Caesar,CROISSANTS,SEASHELLS,4261.0,5
5464,301700,Caesar,Camilla,CROISSANTS,SEASHELLS,4260.0,6
5473,302200,Caesar,Camilla,CROISSANTS,SEASHELLS,4261.0,10
5481,302700,Caesar,Paris,CROISSANTS,SEASHELLS,4261.0,8
5493,303600,Caesar,Camilla,CROISSANTS,SEASHELLS,4260.0,8
5503,304300,Paris,Caesar,CROISSANTS,SEASHELLS,4259.0,5
5513,304900,Paris,Caesar,CROISSANTS,SEASHELLS,4259.0,7
5514,305000,Paris,Caesar,CROISSANTS,SEASHELLS,4258.0,8
5551,306200,Caesar,Paris,CROISSANTS,SEASHELLS,4257.0,6
5558,306700,Paris,Caesar,CROISSANTS,SEASHELLS,4258.0,6
5564,306900,Caesar,Paris,CROISSANTS,SEASHELLS,4256.0,5
5589,308000,Paris,Caesar,CROISSANTS,SEASHELLS,4256.0,7
5611,308500,Caesar,Paris,CROISSANTS,SEASHELLS,4255.0,6
5616,308800,Paris,Caesar,CROISSANTS,SEASHELLS,4257.0,5
5623,309200,Caesar,Paris,CROISSANTS,SEASHELLS,4255.0,5
5639,309500,Paris,Caesar,CROISSANTS,SEASHELLS,4256.0,7
5673,312000,Caesar,Paris,CROISSANTS,SEASHELLS,4256.0,6
5678,312700,Paris,Caesar,CROISSANTS,SEASHELLS,4256.0,5
5683,313100,Caesar,Paris,CROISSANTS,SEASHELLS,4254.0,6
5691,313300,Caesar,Paris,CROISSANTS,SEASHELLS,4254.0,8
5700,314400,Caesar,Paris,CROISSANTS,SEASHELLS,4254.0,8
5764,316900,Paris,Caesar,CROISSANTS,SEASHELLS,4256.0,8
5805,317600,Paris,Caesar,CROISSANTS,SEASHELLS,4256.0,6
5824,319000,Caesar,Camilla,CROISSANTS,SEASHELLS,4255.0,7
5836,319900,Caesar,Camilla,CROISSANTS,SEASHELLS,4257.0,4
5840,320200,Caesar,Paris,CROISSANTS,SEASHELLS,4258.0,7
5859,320600,Caesar,Paris,CROISSANTS,SEASHELLS,4258.0,8
5892,321900,Paris,Caesar,CROISSANTS,SEASHELLS,4259.0,8
5903,322400,Paris,Caesar,CROISSANTS,SEASHELLS,4259.0,8
5928,323800,Paris,Caesar,CROISSANTS,SEASHELLS,4257.0,5
5940,324100,Caesar,Paris,CROISSANTS,SEASHELLS,4257.0,5
5954,325300,Paris,Caesar,CROISSANTS,SEASHELLS,4258.0,7
5960,325700,Paris,Caesar,CROISSANTS,SEASHELLS,4259.0,8
5992,327500,Caesar,Paris,CROISSANTS,SEASHELLS,4258.0,6
5993,327600,Paris,Caesar,CROISSANTS,SEASHELLS,4259.0,6
6009,328900,Paris,Caesar,CROISSANTS,SEASHELLS,4260.0,5
6025,329500,Caesar,Paris,CROISSANTS,SEASHELLS,4258.0,5
6036,330200,Caesar,Camilla,CROISSANTS,SEASHELLS,4257.0,9
6048,330900,Caesar,Camilla,CROISSANTS,SEASHELLS,4258.0,10
6093,332300,Paris,Caesar,CROISSANTS,SEASHELLS,4258.0,8
6116,333400,Caesar,Paris,CROISSANTS,SEASHELLS,4256.0,7
6124,333800,Caesar,Camilla,CROISSANTS,SEASHELLS,4257.0,8
6167,335800,Paris,Caesar,CROISSANTS,SEASHELLS,4259.0,6
6178,336700,Caesar,Paris,CROISSANTS,SEASHELLS,4258.0,6
6196,337800,Paris,Caesar,CROISSANTS,SEASHELLS,4259.0,5
6214,338500,Paris,Caesar,CROISSANTS,SEASHELLS,4259.0,8
6250,341600,Paris,Caesar,CROISSANTS,SEASHELLS,4258.0,8
6272,343000,Caesar,Paris,CROISSANTS,SEASHELLS,4257.0,5
6273,343100,Caesar,Camilla,CROISSANTS,SEASHELLS,4257.0,9
6276,343500,Paris,Caesar,CROISSANTS,SEASHELLS,4258.0,5
6306,344800,Caesar,Paris,CROISSANTS,SEASHELLS,4254.0,5
6312,345300,Paris,Caesar,CROISSANTS,SEASHELLS,4256.0,7
6314,345400,Caesar,Paris,CROISSANTS,SEASHELLS,4254.0,5
6348,347100,Caesar,Camilla,CROISSANTS,SEASHELLS,4256.0,9
6349,347200,Caesar,Camilla,CROISSANTS,SEASHELLS,4255.0,8
6352,347400,Paris,Caesar,CROISSANTS,SEASHELLS,4257.0,5
6398,349600,Paris,Caesar,CROISSANTS,SEASHELLS,4258.0,7
6433,350600,Caesar,Paris,CROISSANTS,SEASHELLS,4256.0,5
6460,351800,Paris,Caesar,CROISSANTS,SEASHELLS,4256.0,7
6466,352300,Caesar,Camilla,CROISSANTS,SEASHELLS,4255.0,9
6489,353600,Caesar,Camilla,CROISSANTS,SEASHELLS,4255.0,9
6516,354100,Paris,Caesar,CROISSANTS,SEASHELLS,4256.0,6
6517,354200,Caesar,Paris,CROISSANTS,SEASHELLS,4254.0,7
6548,355300,Caesar,Paris,CROISSANTS,SEASHELLS,4255.0,8
6568,355800,Paris,Caesar,CROISSANTS,SEASHELLS,4257.0,5
6612,357600,Paris,Caesar,CROISSANTS,SEASHELLS,4258.0,5
6689,360900,Paris,Caesar,CROISSANTS,SEASHELLS,4258.0,8
6690,361200,Paris,Caesar,CROISSANTS,SEASHELLS,4257.0,6
6699,362100,Paris,Caesar,CROISSANTS,SEASHELLS,4256.0,6
6720,362600,Paris,Caesar,CROISSANTS,SEASHELLS,4256.0,6
6738,363000,Caesar,Paris,CROISSANTS,SEASHELLS,4255.0,6
6775,364300,Caesar,Camilla,CROISSANTS,SEASHELLS,4258.0,7
6782,364500,Caesar,Camilla,CROISSANTS,SEASHELLS,4258.0,6
6882,369300,Caesar,Camilla,CROISSANTS,SEASHELLS,4258.0,7
6908,371100,Paris,Caesar,CROISSANTS,SEASHELLS,4260.0,7
6917,371700,Paris,Caesar,CROISSANTS,SEASHELLS,4261.0,8
6930,372100,Caesar,Paris,CROISSANTS,SEASHELLS,4259.0,6
6952,372800,Paris,Caesar,CROISSANTS,SEASHELLS,4260.0,8
6958,373300,Paris,Caesar,CROISSANTS,SEASHELLS,4260.0,7
6979,374000,Caesar,Paris,CROISSANTS,SEASHELLS,4260.0,7
6981,374400,Paris,Caesar,CROISSANTS,SEASHELLS,4261.0,5
6988,375100,Caesar,Paris,CROISSANTS,SEASHELLS,4259.0,5
7002,375700,Caesar,Paris,CROISSANTS,SEASHELLS,4259.0,8
7048,378100,Paris,Caesar,CROISSANTS,SEASHELLS,4257.0,8
7085,379800,Caesar,Paris,CROISSANTS,SEASHELLS,4255.0,7
7090,380600,Caesar,Paris,CROISSANTS,SEASHELLS,4255.0,6
7109,382000,Paris,Caesar,CROISSANTS,SEASHELLS,4255.0,7
7114,382300,Caesar,Camilla,CROISSANTS,SEASHELLS,4254.0,6
7117,382400,Caesar,Paris,CROISSANTS,SEASHELLS,4254.0,8
7123,382800,Caesar,Paris,CROISSANTS,SEASHELLS,4254.0,7
7177,385200,Caesar,Paris,CROISSANTS,SEASHELLS,4251.0,6
7178,385300,Paris,Caesar,CROISSANTS,SEASHELLS,4252.0,8
7292,390400,Paris,Caesar,CROISSANTS,SEASHELLS,4256.0,8
7310,391900,Caesar,Paris,CROISSANTS,SEASHELLS,4255.0,6
7319,392500,Caesar,Paris,CROISSANTS,SEASHELLS,4255.0,8
7351,393400,Caesar,Camilla,CROISSANTS,SEASHELLS,4253.0,7
7362,393700,Caesar,Camilla,CROISSANTS,SEASHELLS,4253.0,7
7403,396400,Caesar,Paris,CROISSANTS,SEASHELLS,4253.0,7
7413,396700,Paris,Caesar,CROISSANTS,SEASHELLS,4255.0,6
7419,397100,Paris,Caesar,CROISSANTS,SEASHELLS,4254.0,5
7427,397900,Caesar,Camilla,CROISSANTS,SEASHELLS,4254.0,9
7428,397900,Caesar,Paris,CROISSANTS,SEASHELLS,4254.0,6
7430,398100,Caesar,Paris,CROISSANTS,SEASHELLS,4253.0,8
7462,400000,Paris,Caesar,CROISSANTS,SEASHELLS,4256.0,7
7475,400800,Caesar,Paris,CROISSANTS,SEASHELLS,4255.0,8
7482,401200,Caesar,Paris,CROISSANTS,SEASHELLS,4253.0,5
7495,401400,Caesar,Paris,CROISSANTS,SEASHELLS,4253.0,6
7502,401600,Caesar,Paris,CROISSANTS,SEASHELLS,4253.0,5
7509,402000,Caesar,Paris,CROISSANTS,SEASHELLS,4252.0,6
7532,402500,Caesar,Camilla,CROISSANTS,SEASHELLS,4252.0,5
7536,403100,Paris,Caesar,CROISSANTS,SEASHELLS,4253.0,6
7538,403200,Caesar,Camilla,CROISSANTS,SEASHELLS,4252.0,6
7543,403600,Caesar,Paris,CROISSANTS,SEASHELLS,4252.0,8
7571,404600,Caesar,Camilla,CROISSANTS,SEASHELLS,4252.0,4
7575,404700,Caesar,Camilla,CROISSANTS,SEASHELLS,4252.0,5
7592,405600,Paris,Caesar,CROISSANTS,SEASHELLS,4253.0,5
7619,407500,Caesar,Paris,CROISSANTS,SEASHELLS,4252.0,7
7620,407600,Caesar,Camilla,CROISSANTS,SEASHELLS,4252.0,6
7627,408300,Paris,Caesar,CROISSANTS,SEASHELLS,4253.0,7
7653,409900,Caesar,Camilla,CROISSANTS,SEASHELLS,4252.0,6
7701,412000,Caesar,Paris,CROISSANTS,SEASHELLS,4250.0,7
7705,412300,Caesar,Camilla,CROISSANTS,SEASHELLS,4251.0,8
7709,412500,Paris,Caesar,CROISSANTS,SEASHELLS,4252.0,5
7771,415700,Paris,Caesar,CROISSANTS,SEASHELLS,4254.0,6
7777,416100,Caesar,Camilla,CROISSANTS,SEASHELLS,4253.0,7
7782,416400,Caesar,Paris,CROISSANTS,SEASHELLS,4253.0,7
7786,416600,Caesar,Camilla,CROISSANTS,SEASHELLS,4252.0,6
7787,416700,Caesar,Paris,CROISSANTS,SEASHELLS,4252.0,8
7833,419600,Paris,Caesar,CROISSANTS,SEASHELLS,4253.0,6
7851,420600,Caesar,Camilla,CROISSANTS,SEASHELLS,4249.0,7
7854,420700,Caesar,Camilla,CROISSANTS,SEASHELLS,4249.0,10
7907,424400,Paris,Caesar,CROISSANTS,SEASHELLS,4248.0,8
7938,426100,Paris,Caesar,CROISSANTS,SEASHELLS,4246.0,5
7999,428700,Caesar,Paris,CROISSANTS,SEASHELLS,4247.0,5
8010,429200,Paris,Caesar,CROISSANTS,SEASHELLS,4249.0,6
8029,430100,Caesar,Paris,CROISSANTS,SEASHELLS,4248.0,8
8034,430800,Caesar,Camilla,CROISSANTS,SEASHELLS,4249.0,8
8049,431900,Caesar,Camilla,CROISSANTS,SEASHELLS,4251.0,9
8051,432400,Paris,Caesar,CROISSANTS,SEASHELLS,4253.0,5
8073,433600,Caesar,Camilla,CROISSANTS,SEASHELLS,4252.0,8
8086,434400,Caesar,Paris,CROISSANTS,SEASHELLS,4255.0,7
8146,436700,Caesar,Camilla,CROISSANTS,SEASHELLS,4256.0,10
8174,438400,Caesar,Camilla,CROISSANTS,SEASHELLS,4256.0,8
8179,438700,Paris,Caesar,CROISSANTS,SEASHELLS,4257.0,7
8218,441200,Caesar,Paris,CROISSANTS,SEASHELLS,4256.0,8
8253,442200,Caesar,Paris,CROISSANTS,SEASHELLS,4256.0,7
8254,442600,Caesar,Paris,CROISSANTS,SEASHELLS,4257.0,7
8268,443300,Paris,Caesar,CROISSANTS,SEASHELLS,4258.0,8
8282,443900,Caesar,Camilla,CROISSANTS,SEASHELLS,4258.0,8
8308,444800,Caesar,Paris,CROISSANTS,SEASHELLS,4259.0,8
8314,445000,Caesar,Paris,CROISSANTS,SEASHELLS,4259.0,7
8342,446300,Caesar,Camilla,CROISSANTS,SEASHELLS,4256.0,4
8356,447300,Caesar,Camilla,CROISSANTS,SEASHELLS,4257.0,5
8373,448500,Caesar,Camilla,CROISSANTS,SEASHELLS,4255.0,4
8379,448800,Caesar,Paris,CROISSANTS,SEASHELLS,4256.0,8
8388,449200,Caesar,Camilla,CROISSANTS,SEASHELLS,4255.0,4
8432,450800,Caesar,Paris,CROISSANTS,SEASHELLS,4254.0,6
8459,452100,Caesar,Paris,CROISSANTS,SEASHELLS,4254.0,7
8468,452700,Caesar,Paris,CROISSANTS,SEASHELLS,4256.0,5
8470,453000,Caesar,Camilla,CROISSANTS,SEASHELLS,4256.0,7
8493,454600,Paris,Caesar,CROISSANTS,SEASHELLS,4256.0,6
8495,454700,Paris,Caesar,CROISSANTS,SEASHELLS,4256.0,5
8532,457000,Paris,Caesar,CROISSANTS,SEASHELLS,4255.0,5
8543,457600,Caesar,Paris,CROISSANTS,SEASHELLS,4252.0,7
8547,457800,Paris,Caesar,CROISSANTS,SEASHELLS,4253.0,8
8582,459000,Caesar,Paris,CROISSANTS,SEASHELLS,4252.0,7
8634,461900,Paris,Caesar,CROISSANTS,SEASHELLS,4254.0,7
8639,462100,Paris,Caesar,CROISSANTS,SEASHELLS,4255.0,5
8697,465900,Caesar,Camilla,CROISSANTS,SEASHELLS,4253.0,4
8709,466700,Caesar,Paris,CROISSANTS,SEASHELLS,4254.0,8
8769,468900,Caesar,Camilla,CROISSANTS,SEASHELLS,4253.0,8
8781,469700,Caesar,Paris,CROISSANTS,SEASHELLS,4254.0,6
8784,469800,Paris,Caesar,CROISSANTS,SEASHELLS,4255.0,6
8824,471300,Paris,Caesar,CROISSANTS,SEASHELLS,4253.0,6
8868,473600,Caesar,Paris,CROISSANTS,SEASHELLS,4252.0,7
8869,473700,Caesar,Paris,CROISSANTS,SEASHELLS,4252.0,7
8881,474000,Paris,Caesar,CROISSANTS,SEASHELLS,4253.0,8
8885,474400,Paris,Caesar,CROISSANTS,SEASHELLS,4253.0,6
8888,474600,Caesar,Camilla,CROISSANTS,SEASHELLS,4252.0,9
8899,475100,Caesar,Paris,CROISSANTS,SEASHELLS,4251.0,6
8910,475400,Caesar,Paris,CROISSANTS,SEASHELLS,4251.0,6
8923,476200,Caesar,Camilla,CROISSANTS,SEASHELLS,4252.0,9
8931,476700,Caesar,Camilla,CROISSANTS,SEASHELLS,4252.0,5
8938,477000,Paris,Caesar,CROISSANTS,SEASHELLS,4253.0,6
8967,478000,Caesar,Paris,CROISSANTS,SEASHELLS,4252.0,8
8972,478100,Paris,Caesar,CROISSANTS,SEASHELLS,4253.0,7
8984,478800,Caesar,Camilla,CROISSANTS,SEASHELLS,4253.0,5
8989,478900,Paris,Caesar,CROISSANTS,SEASHELLS,4254.0,5
9008,479500,Caesar,Paris,CROISSANTS,SEASHELLS,4254.0,6
9052,482200,Caesar,Camilla,CROISSANTS,SEASHELLS,4257.0,6
9055,482500,Caesar,Camilla,CROISSANTS,SEASHELLS,4257.0,5
9065,482800,Caesar,Camilla,CROISSANTS,SEASHELLS,4257.0,4
9066,482800,Caesar,Paris,CROISSANTS,SEASHELLS,4257.0,8
9104,484900,Caesar,Paris,CROISSANTS,SEASHELLS,4255.0,8
9122,485500,Caesar,Paris,CROISSANTS,SEASHELLS,4255.0,6
9126,485800,Paris,Caesar,CROISSANTS,SEASHELLS,4256.0,8
9136,486300,Paris,Caesar,CROISSANTS,SEASHELLS,4257.0,7
9146,486700,Caesar,Paris,CROISSANTS,SEASHELLS,4255.0,6
9149,486900,Caesar,Camilla,CROISSANTS,SEASHELLS,4255.0,5
9159,487900,Caesar,Paris,CROISSANTS,SEASHELLS,4256.0,6
9211,491900,Caesar,Camilla,CROISSANTS,SEASHELLS,4255.0,7
9234,492600,Caesar,Paris,CROISSANTS,SEASHELLS,4259.0,8
9253,493600,Caesar,Paris,CROISSANTS,SEASHELLS,4258.0,7
9273,494600,Caesar,Paris,CROISSANTS,SEASHELLS,4258.0,7
9289,495200,Caesar,Paris,CROISSANTS,SEASHELLS,4257.0,7
9293,495500,Caesar,Paris,CROISSANTS,SEASHELLS,4256.0,5
9316,496200,Paris,Caesar,CROISSANTS,SEASHELLS,4258.0,8
9331,497000,Paris,Caesar,CROISSANTS,SEASHELLS,4256.0,5
9332,497100,Paris,Caesar,CROISSANTS,SEASHELLS,4256.0,5
9342,497500,Paris,Caesar,CROISSANTS,SEASHELLS,4256.0,8
9391,500500,Paris,Caesar,CROISSANTS,SEASHELLS,4253.0,5
9405,501000,Caesar,Camilla,CROISSANTS,SEASHELLS,4252.0,4
9418,501800,Caesar,Paris,CROISSANTS,SEASHELLS,4252.0,5
9423,502200,Paris,Caesar,CROISSANTS,SEASHELLS,4254.0,6
9438,502400,Caesar,Paris,CROISSANTS,SEASHELLS,4252.0,8
9520,506600,Caesar,Camilla,CROISSANTS,SEASHELLS,4252.0,10
9534,507700,Caesar,Camilla,CROISSANTS,SEASHELLS,4253.0,10
9555,508800,Caesar,Paris,CROISSANTS,SEASHELLS,4253.0,7
9609,512000,Caesar,Paris,CROISSANTS,SEASHELLS,4252.0,8
9611,512300,Caesar,Camilla,CROISSANTS,SEASHELLS,4251.0,10
9615,512400,Caesar,Camilla,CROISSANTS,SEASHELLS,4251.0,7
9646,514500,Paris,Caesar,CROISSANTS,SEASHELLS,4252.0,5
9665,515600,Paris,Caesar,CROISSANTS,SEASHELLS,4252.0,6
9673,516500,Paris,Caesar,CROISSANTS,SEASHELLS,4252.0,8
9686,517100,Caesar,Paris,CROISSANTS,SEASHELLS,4251.0,5
9690,517300,Paris,Caesar,CROISSANTS,SEASHELLS,4251.0,8
9714,518900,Caesar,Paris,CROISSANTS,SEASHELLS,4248.0,5
9715,519100,Caesar,Paris,CROISSANTS,SEASHELLS,4248.0,8
9738,520000,Caesar,Paris,CROISSANTS,SEASHELLS,4249.0,7
9774,521900,Paris,Caesar,CROISSANTS,SEASHELLS,4249.0,5
9780,522500,Paris,Caesar,CROISSANTS,SEASHELLS,4250.0,8
9807,523900,Caesar,Paris,CROISSANTS,SEASHELLS,4250.0,8
9826,524600,Paris,Caesar,CROISSANTS,SEASHELLS,4251.0,8
9836,525400,Paris,Caesar,CROISSANTS,SEASHELLS,4250.0,6
9845,526300,Paris,Caesar,CROISSANTS,SEASHELLS,4250.0,7
9851,526800,Caesar,Camilla,CROISSANTS,SEASHELLS,4249.0,6
9870,527900,Caesar,Paris,CROISSANTS,SEASHELLS,4248.0,6
9877,528500,Paris,Caesar,CROISSANTS,SEASHELLS,4249.0,6
9894,529200,Caesar,Paris,CROISSANTS,SEASHELLS,4248.0,6
9914,530700,Caesar,Camilla,CROISSANTS,SEASHELLS,4249.0,5
9928,531900,Caesar,Paris,CROISSANTS,SEASHELLS,4250.0,5
9952,533200,Caesar,Paris,CROISSANTS,SEASHELLS,4250.0,6
9981,535500,Caesar,Paris,CROISSANTS,SEASHELLS,4248.0,5
9995,535900,Caesar,Paris,CROISSANTS,SEASHELLS,4249.0,5
10012,537100,Paris,Caesar,CROISSANTS,SEASHELLS,4250.0,5
10014,537200,Caesar,Camilla,CROISSANTS,SEASHELLS,4248.0,6
10070,539500,Caesar,Camilla,CROISSANTS,SEASHELLS,4247.0,4
10104,541500,Paris,Caesar,CROISSANTS,SEASHELLS,4248.0,8
10109,541700,Caesar,Camilla,CROISSANTS,SEASHELLS,4247.0,4
10112,541900,Caesar,Paris,CROISSANTS,SEASHELLS,4247.0,5
10138,543900,Caesar,Paris,CROISSANTS,SEASHELLS,4246.0,5
10139,544000,Caesar,Paris,CROISSANTS,SEASHELLS,4246.0,8
10182,545900,Paris,Caesar,CROISSANTS,SEASHELLS,4247.0,7
10198,547100,Caesar,Camilla,CROISSANTS,SEASHELLS,4246.0,5
10238,549800,Caesar,Paris,CROISSANTS,SEASHELLS,4247.0,6
10276,552000,Paris,Caesar,CROISSANTS,SEASHELLS,4247.0,5
10291,552800,Caesar,Paris,CROISSANTS,SEASHELLS,4245.0,6
10294,552900,Caesar,Paris,CROISSANTS,SEASHELLS,4245.0,6
10295,553000,Paris,Caesar,CROISSANTS,SEASHELLS,4246.0,5
10302,553400,Paris,Caesar,CROISSANTS,SEASHELLS,4246.0,6
10303,553500,Paris,Caesar,CROISSANTS,SEASHELLS,4246.0,5
10320,554500,Caesar,Paris,CROISSANTS,SEASHELLS,4246.0,6
10329,555200,Caesar,Paris,CROISSANTS,SEASHELLS,4246.0,6
10332,555300,Paris,Caesar,CROISSANTS,SEASHELLS,4247.0,7
10416,559900,Caesar,Paris,CROISSANTS,SEASHELLS,4248.0,8
10424,561000,Caesar,Paris,CROISSANTS,SEASHELLS,4248.0,8
10427,561200,Paris,Caesar,CROISSANTS,SEASHELLS,4250.0,8
10450,563900,Caesar,Camilla,CROISSANTS,SEASHELLS,4251.0,5
10471,564600,Caesar,Camilla,CROISSANTS,SEASHELLS,4251.0,6
10514,566700,Paris,Caesar,CROISSANTS,SEASHELLS,4252.0,5
10517,566900,Caesar,Camilla,CROISSANTS,SEASHELLS,4251.0,10
10518,567100,Paris,Caesar,CROISSANTS,SEASHELLS,4254.0,7
10545,568600,Caesar,Paris,CROISSANTS,SEASHELLS,4255.0,5
10556,569100,Paris,Caesar,CROISSANTS,SEASHELLS,4257.0,7
10584,571300,Caesar,Paris,CROISSANTS,SEASHELLS,4257.0,5
10591,571800,Caesar,Paris,CROISSANTS,SEASHELLS,4257.0,7
10594,571900,Caesar,Paris,CROISSANTS,SEASHELLS,4257.0,6
10596,572100,Paris,Caesar,CROISSANTS,SEASHELLS,4258.0,5
10626,574100,Paris,Caesar,CROISSANTS,SEASHELLS,4261.0,6
10651,576000,Caesar,Camilla,CROISSANTS,SEASHELLS,4263.0,5
10701,578100,Caesar,Paris,CROISSANTS,SEASHELLS,4259.0,6
10724,579600,Caesar,Paris,CROISSANTS,SEASHELLS,4259.0,8
10732,580000,Paris,Caesar,CROISSANTS,SEASHELLS,4260.0,5
10733,580100,Caesar,Paris,CROISSANTS,SEASHELLS,4258.0,5
10734,580200,Caesar,Camilla,CROISSANTS,SEASHELLS,4258.0,10
10762,581400,Caesar,Camilla,CROISSANTS,SEASHELLS,4259.0,6
10775,582600,Paris,Caesar,CROISSANTS,SEASHELLS,4259.0,5
10779,583000,Caesar,Camilla,CROISSANTS,SEASHELLS,4258.0,4
10787,583500,Caesar,Camilla,CROISSANTS,SEASHELLS,4258.0,8
10876,588500,Caesar,Camilla,CROISSANTS,SEASHELLS,4260.0,6
10908,590000,Caesar,Camilla,CROISSANTS,SEASHELLS,4257.0,8
10931,590900,Caesar,Paris,CROISSANTS,SEASHELLS,4256.0,7
10933,591200,Paris,Caesar,CROISSANTS,SEASHELLS,4258.0,6
10947,591600,Caesar,Paris,CROISSANTS,SEASHELLS,4260.0,6
10956,592400,Caesar,Paris,CROISSANTS,SEASHELLS,4260.0,5
10961,592700,Paris,Caesar,CROISSANTS,SEASHELLS,4261.0,5
10970,592900,Caesar,Paris,CROISSANTS,SEASHELLS,4258.0,6
10989,593600,Caesar,Paris,CROISSANTS,SEASHELLS,4259.0,7
10993,593700,Paris,Caesar,CROISSANTS,SEASHELLS,4260.0,5
11009,594100,Paris,Caesar,CROISSANTS,SEASHELLS,4260.0,6
11012,594300,Paris,Caesar,CROISSANTS,SEASHELLS,4260.0,8
11050,596900,Caesar,Camilla,CROISSANTS,SEASHELLS,4259.0,8
11068,599300,Caesar,Paris,CROISSANTS,SEASHELLS,4260.0,7
11072,599400,Caesar,Paris,CROISSANTS,SEASHELLS,4261.0,8
11074,599700,Caesar,Paris,CROISSANTS,SEASHELLS,4261.0,8
11083,600300,Paris,Caesar,CROISSANTS,SEASHELLS,4262.0,8
11098,601200,Caesar,Paris,CROISSANTS,SEASHELLS,4261.0,8
11105,601600,Caesar,Paris,CROISSANTS,SEASHELLS,4261.0,6
11116,602400,Caesar,Paris,CROISSANTS,SEASHELLS,4261.0,7
11129,602600,Caesar,Camilla,CROISSANTS,SEASHELLS,4262.0,10
11138,602900,Paris,Caesar,CROISSANTS,SEASHELLS,4263.0,8
11174,604700,Paris,Caesar,CROISSANTS,SEASHELLS,4261.0,5
11183,605300,Caesar,Camilla,CROISSANTS,SEASHELLS,4259.0,4
11210,606100,Caesar,Paris,CROISSANTS,SEASHELLS,4258.0,5
11251,608500,Caesar,Paris,CROISSANTS,SEASHELLS,4256.0,7
11259,609000,Paris,Caesar,CROISSANTS,SEASHELLS,4257.0,6
11270,609700,Caesar,Paris,CROISSANTS,SEASHELLS,4257.0,8
11301,611700,Caesar,Paris,CROISSANTS,SEASHELLS,4254.0,8
11357,615200,Paris,Caesar,CROISSANTS,SEASHELLS,4253.0,5
11376,616200,Paris,Caesar,CROISSANTS,SEASHELLS,4252.0,5
11413,618000,Paris,Caesar,CROISSANTS,SEASHELLS,4250.0,8
11414,618200,Caesar,Paris,CROISSANTS,SEASHELLS,4248.0,7
11440,619400,Caesar,Camilla,CROISSANTS,SEASHELLS,4247.0,7
11468,620900,Caesar,Paris,CROISSANTS,SEASHELLS,4248.0,7
11478,621500,Caesar,Paris,CROISSANTS,SEASHELLS,4248.0,7
11487,622100,Paris,Caesar,CROISSANTS,SEASHELLS,4250.0,8
11522,623800,Paris,Caesar,CROISSANTS,SEASHELLS,4251.0,5
11555,624800,Caesar,Paris,CROISSANTS,SEASHELLS,4251.0,5
11587,626300,Paris,Caesar,CROISSANTS,SEASHELLS,4253.0,5
11601,627700,Caesar,Paris,CROISSANTS,SEASHELLS,4251.0,5
11603,627900,Caesar,Camilla,CROISSANTS,SEASHELLS,4252.0,7
11604,627900,Paris,Caesar,CROISSANTS,SEASHELLS,4253.0,8
11616,628800,Paris,Caesar,CROISSANTS,SEASHELLS,4254.0,6
11640,629700,Caesar,Paris,CROISSANTS,SEASHELLS,4252.0,8
11641,629800,Caesar,Camilla,CROISSANTS,SEASHELLS,4252.0,10
11655,631200,Caesar,Paris,CROISSANTS,SEASHELLS,4251.0,7
11671,632500,Caesar,Paris,CROISSANTS,SEASHELLS,4251.0,7
11697,634700,Caesar,Paris,CROISSANTS,SEASHELLS,4247.0,7
11777,638400,Paris,Caesar,CROISSANTS,SEASHELLS,4251.0,5
11783,638900,Paris,Caesar,CROISSANTS,SEASHELLS,4250.0,8
11800,639700,Caesar,Paris,CROISSANTS,SEASHELLS,4249.0,8
11802,640100,Caesar,Paris,CROISSANTS,SEASHELLS,4249.0,6
11807,640700,Caesar,Paris,CROISSANTS,SEASHELLS,4249.0,5
11820,641200,Caesar,Paris,CROISSANTS,SEASHELLS,4249.0,5
11825,641700,Caesar,Camilla,CROISSANTS,SEASHELLS,4249.0,10
11831,642300,Caesar,Paris,CROISSANTS,SEASHELLS,4249.0,5
11857,643900,Caesar,Paris,CROISSANTS,SEASHELLS,4248.0,5
11878,644900,Paris,Caesar,CROISSANTS,SEASHELLS,4249.0,8
11897,645700,Paris,Caesar,CROISSANTS,SEASHELLS,4248.0,6
11926,647900,Caesar,Camilla,CROISSANTS,SEASHELLS,4249.0,6
11932,648100,Caesar,Paris,CROISSANTS,SEASHELLS,4249.0,5
11966,650700,Paris,Caesar,CROISSANTS,SEASHELLS,4251.0,5
11967,650900,Paris,Caesar,CROISSANTS,SEASHELLS,4252.0,6
11986,652000,Paris,Caesar,CROISSANTS,SEASHELLS,4250.0,6
11998,652600,Paris,Caesar,CROISSANTS,SEASHELLS,4250.0,7
12009,653200,Caesar,Paris,CROISSANTS,SEASHELLS,4249.0,8
12038,654800,Caesar,Paris,CROISSANTS,SEASHELLS,4249.0,7
12053,655400,Paris,Caesar,CROISSANTS,SEASHELLS,4248.0,8
12083,656800,Caesar,Paris,CROISSANTS,SEASHELLS,4246.0,6
12099,658000,Paris,Caesar,CROISSANTS,SEASHELLS,4246.0,5
12120,659400,Paris,Caesar,CROISSANTS,SEASHELLS,4246.0,5
12132,660500,Caesar,Camilla,CROISSANTS,SEASHELLS,4244.0,7
12171,662100,Caesar,Paris,CROISSANTS,SEASHELLS,4245.0,7
12182,662700,Caesar,Paris,CROISSANTS,SEASHELLS,4245.0,5
12242,666200,Caesar,Paris,CROISSANTS,SEASHELLS,4243.0,7
12243,666400,Caesar,Camilla,CROISSANTS,SEASHELLS,4244.0,10
12244,666400,Caesar,Paris,CROISSANTS,SEASHELLS,4244.0,6
12302,667600,Caesar,Paris,CROISSANTS,SEASHELLS,4243.0,7
12318,668700,Paris,Caesar,CROISSANTS,SEASHELLS,4244.0,8
12331,669700,Paris,Caesar,CROISSANTS,SEASHELLS,4244.0,5
12332,669800,Caesar,Paris,CROISSANTS,SEASHELLS,4242.0,5
12339,670300,Caesar,Paris,CROISSANTS,SEASHELLS,4242.0,5
12344,671300,Paris,Caesar,CROISSANTS,SEASHELLS,4244.0,5
12346,671400,Caesar,Paris,CROISSANTS,SEASHELLS,4242.0,8
12389,674600,Paris,Caesar,CROISSANTS,SEASHELLS,4246.0,6
12392,674800,Caesar,Paris,CROISSANTS,SEASHELLS,4245.0,7
12400,675100,Caesar,Paris,CROISSANTS,SEASHELLS,4245.0,8
12440,676600,Caesar,Camilla,CROISSANTS,SEASHELLS,4246.0,5
12445,677000,Paris,Caesar,CROISSANTS,SEASHELLS,4246.0,8
12448,677200,Caesar,Paris,CROISSANTS,SEASHELLS,4245.0,8
12485,678800,Caesar,Camilla,CROISSANTS,SEASHELLS,4246.0,5
12486,678800,Paris,Caesar,CROISSANTS,SEASHELLS,4247.0,6
12511,680300,Caesar,Paris,CROISSANTS,SEASHELLS,4246.0,8
12538,681900,Caesar,Camilla,CROISSANTS,SEASHELLS,4247.0,7
12541,682100,Paris,Caesar,CROISSANTS,SEASHELLS,4248.0,7
12550,682300,Paris,Caesar,CROISSANTS,SEASHELLS,4248.0,5
12551,682500,Caesar,Camilla,CROISSANTS,SEASHELLS,4246.0,10
12552,682600,Caesar,Paris,CROISSANTS,SEASHELLS,4246.0,5
12592,685200,Caesar,Paris,CROISSANTS,SEASHELLS,4245.0,8
12599,685500,Paris,Caesar,CROISSANTS,SEASHELLS,4246.0,6
12622,686600,Caesar,Paris,CROISSANTS,SEASHELLS,4246.0,6
12646,688100,Caesar,Camilla,CROISSANTS,SEASHELLS,4244.0,9
12650,688600,Caesar,Paris,CROISSANTS,SEASHELLS,4243.0,7
12660,689600,Caesar,Paris,CROISSANTS,SEASHELLS,4244.0,8
12673,690300,Caesar,Camilla,CROISSANTS,SEASHELLS,4245.0,10
12780,694000,Caesar,Paris,CROISSANTS,SEASHELLS,4246.0,8
12809,696000,Paris,Caesar,CROISSANTS,SEASHELLS,4246.0,6
12850,699400,Caesar,Camilla,CROISSANTS,SEASHELLS,4246.0,4
12852,699800,Paris,Caesar,CROISSANTS,SEASHELLS,4248.0,5
12860,700200,Caesar,Paris,CROISSANTS,SEASHELLS,4247.0,7
12864,700300,Paris,Caesar,CROISSANTS,SEASHELLS,4248.0,8
12903,701600,Caesar,Camilla,CROISSANTS,SEASHELLS,4246.0,8
12946,704800,Caesar,Paris,CROISSANTS,SEASHELLS,4246.0,7
12984,706300,Caesar,Camilla,CROISSANTS,SEASHELLS,4246.0,4
13043,709600,Paris,Caesar,CROISSANTS,SEASHELLS,4247.0,7
13054,709900,Caesar,Camilla,CROISSANTS,SEASHELLS,4246.0,7
13072,710800,Caesar,Paris,CROISSANTS,SEASHELLS,4246.0,5
13095,713000,Paris,Caesar,CROISSANTS,SEASHELLS,4249.0,6
13098,713200,Paris,Caesar,CROISSANTS,SEASHELLS,4249.0,7
13124,715100,Caesar,Paris,CROISSANTS,SEASHELLS,4247.0,6
13220,719300,Caesar,Paris,CROISSANTS,SEASHELLS,4245.0,6
13221,719400,Paris,Caesar,CROISSANTS,SEASHELLS,4246.0,8
13225,719600,Caesar,Paris,CROISSANTS,SEASHELLS,4245.0,5
13226,719700,Caesar,Paris,CROISSANTS,SEASHELLS,4245.0,7
13237,720200,Caesar,Camilla,CROISSANTS,SEASHELLS,4245.0,8
13299,723600,Caesar,Paris,CROISSANTS,SEASHELLS,4243.0,7
13306,723900,Caesar,Paris,CROISSANTS,SEASHELLS,4242.0,8
13308,724000,Caesar,Camilla,CROISSANTS,SEASHELLS,4242.0,10
13346,726100,Caesar,Paris,CROISSANTS,SEASHELLS,4239.0,6
13349,726400,Caesar,Camilla,CROISSANTS,SEASHELLS,4239.0,5
13367,726900,Caesar,Paris,CROISSANTS,SEASHELLS,4238.0,8
13372,727200,Paris,Caesar,CROISSANTS,SEASHELLS,4238.0,7
13373,727300,Paris,Caesar,CROISSANTS,SEASHELLS,4238.0,7
13381,727800,Caesar,Camilla,CROISSANTS,SEASHELLS,4239.0,9
13382,727800,Paris,Caesar,CROISSANTS,SEASHELLS,4240.0,5
13400,728400,Paris,Caesar,CROISSANTS,SEASHELLS,4241.0,5
13402,728500,Paris,Caesar,CROISSANTS,SEASHELLS,4241.0,7
13428,730200,Caesar,Paris,CROISSANTS,SEASHELLS,4238.0,6
13445,731100,Caesar,Camilla,CROISSANTS,SEASHELLS,4238.0,4
13472,732400,Caesar,Camilla,CROISSANTS,SEASHELLS,4239.0,5
13473,732600,Paris,Caesar,CROISSANTS,SEASHELLS,4241.0,8
13509,734700,Caesar,Camilla,CROISSANTS,SEASHELLS,4238.0,8
13510,734700,Caesar,Paris,CROISSANTS,SEASHELLS,4238.0,8
13530,735900,Caesar,Paris,CROISSANTS,SEASHELLS,4238.0,8
13540,736100,Caesar,Paris,CROISSANTS,SEASHELLS,4237.0,6
13596,738900,Caesar,Camilla,CROISSANTS,SEASHELLS,4236.0,9
13599,739100,Caesar,Paris,CROISSANTS,SEASHELLS,4236.0,7
13605,739400,Caesar,Paris,CROISSANTS,SEASHELLS,4236.0,5
13629,741000,Caesar,Paris,CROISSANTS,SEASHELLS,4236.0,8
13670,743400,Caesar,Paris,CROISSANTS,SEASHELLS,4238.0,7
13713,746200,Caesar,Paris,CROISSANTS,SEASHELLS,4237.0,8
13723,746800,Paris,Caesar,CROISSANTS,SEASHELLS,4238.0,6
13773,749400,Caesar,Paris,CROISSANTS,SEASHELLS,4237.0,6
13790,750200,Caesar,Camilla,CROISSANTS,SEASHELLS,4237.0,9
13801,750700,Paris,Caesar,CROISSANTS,SEASHELLS,4238.0,7
13803,750800,Caesar,Camilla,CROISSANTS,SEASHELLS,4236.0,8
13804,750800,Paris,Caesar,CROISSANTS,SEASHELLS,4237.0,8
13809,751500,Caesar,Paris,CROISSANTS,SEASHELLS,4235.0,5
13814,751900,Caesar,Paris,CROISSANTS,SEASHELLS,4234.0,8
13836,752700,Caesar,Camilla,CROISSANTS,SEASHELLS,4234.0,4
13860,754700,Caesar,Camilla,CROISSANTS,SEASHELLS,4235.0,6
13870,755000,Paris,Caesar,CROISSANTS,SEASHELLS,4236.0,8
13897,755900,Caesar,Paris,CROISSANTS,SEASHELLS,4235.0,8
13939,760000,Caesar,Camilla,CROISSANTS,SEASHELLS,4236.0,4
13948,760400,Caesar,Paris,CROISSANTS,SEASHELLS,4236.0,5
13955,761100,Caesar,Paris,CROISSANTS,SEASHELLS,4236.0,5
13964,761600,Caesar,Paris,CROISSANTS,SEASHELLS,4237.0,6
13987,762400,Caesar,Camilla,CROISSANTS,SEASHELLS,4237.0,9
14002,764500,Caesar,Paris,CROISSANTS,SEASHELLS,4237.0,5
14048,767500,Caesar,Camilla,CROISSANTS,SEASHELLS,4235.0,4
14056,767700,Paris,Caesar,CROISSANTS,SEASHELLS,4236.0,8
14062,768200,Caesar,Paris,CROISSANTS,SEASHELLS,4235.0,5
14082,769300,Paris,Caesar,CROISSANTS,SEASHELLS,4236.0,8
14088,769500,Caesar,Paris,CROISSANTS,SEASHELLS,4235.0,6
14121,770400,Caesar,Paris,CROISSANTS,SEASHELLS,4235.0,5
14139,771100,Paris,Caesar,CROISSANTS,SEASHELLS,4237.0,7
14152,772100,Paris,Caesar,CROISSANTS,SEASHELLS,4236.0,6
14227,775700,Caesar,Camilla,CROISSANTS,SEASHELLS,4235.0,6
14236,777000,Caesar,Camilla,CROISSANTS,SEASHELLS,4235.0,9
14251,777500,Caesar,Camilla,CROISSANTS,SEASHELLS,4235.0,5
14283,780100,Caesar,Paris,CROISSANTS,SEASHELLS,4235.0,6
14289,780400,Caesar,Paris,CROISSANTS,SEASHELLS,4235.0,8
14299,781000,Paris,Caesar,CROISSANTS,SEASHELLS,4236.0,7
14315,781600,Caesar,Paris,CROISSANTS,SEASHELLS,4235.0,5
14332,782100,Caesar,Paris,CROISSANTS,SEASHELLS,4235.0,7
14335,782200,Paris,Caesar,CROISSANTS,SEASHELLS,4236.0,7
14341,782700,Caesar,Paris,CROISSANTS,SEASHELLS,4234.0,8
14355,784100,Paris,Caesar,CROISSANTS,SEASHELLS,4235.0,7
14373,784900,Caesar,Paris,CROISSANTS,SEASHELLS,4232.0,8
14406,786300,Caesar,Paris,CROISSANTS,SEASHELLS,4232.0,7
14415,787100,Caesar,Paris,CROISSANTS,SEASHELLS,4233.0,6
14446,788900,Caesar,Paris,CROISSANTS,SEASHELLS,4232.0,7
14466,789900,Olivia,Caesar,CROISSANTS,SEASHELLS,4233.0,3
14473,790100,Caesar,Paris,CROISSANTS,SEASHELLS,4232.0,8
14489,791600,Caesar,Paris,CROISSANTS,SEASHELLS,4232.0,8
14517,792100,Paris,Caesar,CROISSANTS,SEASHELLS,4233.0,8
14557,794000,Caesar,Camilla,CROISSANTS,SEASHELLS,4232.0,8
14561,794300,Caesar,Paris,CROISSANTS,SEASHELLS,4232.0,5
14565,794800,Caesar,Paris,CROISSANTS,SEASHELLS,4233.0,6
14567,795100,Caesar,Paris,CROISSANTS,SEASHELLS,4232.0,7
14602,796700,Caesar,Camilla,CROISSANTS,SEASHELLS,4234.0,9
14603,796800,Caesar,Camilla,CROISSANTS,SEASHELLS,4234.0,9
14610,797200,Caesar,Camilla,CROISSANTS,SEASHELLS,4233.0,9
14673,799900,Caesar,Paris,CROISSANTS,SEASHELLS,4233.0,7
14694,801900,Paris,Caesar,CROISSANTS,SEASHELLS,4236.0,7
14702,802200,Caesar,Paris,CROISSANTS,SEASHELLS,4234.0,8
14705,802700,Caesar,Camilla,CROISSANTS,SEASHELLS,4235.0,10
14708,803000,Caesar,Camilla,CROISSANTS,SEASHELLS,4235.0,9
14716,803700,Caesar,Paris,CROISSANTS,SEASHELLS,4235.0,5
14741,804800,Paris,Caesar,CROISSANTS,SEASHELLS,4236.0,7
14777,807000,Caesar,Paris,CROISSANTS,SEASHELLS,4235.0,7
14791,807900,Caesar,Paris,CROISSANTS,SEASHELLS,4235.0,6
14800,808600,Caesar,Camilla,CROISSANTS,SEASHELLS,4239.0,8
14809,809100,Paris,Caesar,CROISSANTS,SEASHELLS,4239.0,5
14829,810100,Caesar,Paris,CROISSANTS,SEASHELLS,4239.0,6
14835,810400,Caesar,Camilla,CROISSANTS,SEASHELLS,4241.0,8
14855,812400,Paris,Caesar,CROISSANTS,SEASHELLS,4242.0,8
14874,813200,Paris,Caesar,CROISSANTS,SEASHELLS,4241.0,8
14889,814300,Caesar,Paris,CROISSANTS,SEASHELLS,4238.0,5
14896,814500,Caesar,Camilla,CROISSANTS,SEASHELLS,4238.0,10
14901,815000,Caesar,Paris,CROISSANTS,SEASHELLS,4238.0,5
14920,815500,Caesar,Paris,CROISSANTS,SEASHELLS,4238.0,8
14927,815900,Paris,Caesar,CROISSANTS,SEASHELLS,4239.0,5
14932,816100,Caesar,Paris,CROISSANTS,SEASHELLS,4237.0,6
14946,816800,Paris,Caesar,CROISSANTS,SEASHELLS,4239.0,8
14981,819200,Caesar,Paris,CROISSANTS,SEASHELLS,4237.0,6
14986,819500,Caesar,Camilla,CROISSANTS,SEASHELLS,4237.0,4
15003,820200,Paris,Caesar,CROISSANTS,SEASHELLS,4239.0,6
15024,821400,Paris,Caesar,CROISSANTS,SEASHELLS,4240.0,5
15050,822100,Paris,Caesar,CROISSANTS,SEASHELLS,4240.0,7
15131,826600,Caesar,Camilla,CROISSANTS,SEASHELLS,4239.0,9
15141,827100,Caesar,Camilla,CROISSANTS,SEASHELLS,4240.0,8
15173,830000,Caesar,Paris,CROISSANTS,SEASHELLS,4238.0,8
15216,832400,Caesar,Paris,CROISSANTS,SEASHELLS,4238.0,8
15262,834500,Caesar,Paris,CROISSANTS,SEASHELLS,4240.0,5
15294,835600,Caesar,Paris,CROISSANTS,SEASHELLS,4240.0,8
15297,835700,Paris,Caesar,CROISSANTS,SEASHELLS,4242.0,7
15311,836000,Caesar,Camilla,CROISSANTS,SEASHELLS,4241.0,6
15322,836400,Caesar,Camilla,CROISSANTS,SEASHELLS,4241.0,5
15372,839600,Caesar,Paris,CROISSANTS,SEASHELLS,4243.0,6
15373,839700,Caesar,Camilla,CROISSANTS,SEASHELLS,4243.0,6
15385,840100,Paris,Caesar,CROISSANTS,SEASHELLS,4244.0,8
15396,841400,Caesar,Paris,CROISSANTS,SEASHELLS,4243.0,7
15426,843600,Caesar,Camilla,CROISSANTS,SEASHELLS,4244.0,8
15432,843700,Caesar,Camilla,CROISSANTS,SEASHELLS,4246.0,7
15473,845200,Caesar,Paris,CROISSANTS,SEASHELLS,4246.0,5
15492,845900,Caesar,Paris,CROISSANTS,SEASHELLS,4247.0,5
15496,846100,Caesar,Paris,CROISSANTS,SEASHELLS,4248.0,6
15521,848700,Paris,Caesar,CROISSANTS,SEASHELLS,4251.0,7
15558,852300,Caesar,Paris,CROISSANTS,SEASHELLS,4252.0,6
15591,852800,Caesar,Paris,CROISSANTS,SEASHELLS,4252.0,6
15597,853300,Caesar,Paris,CROISSANTS,SEASHELLS,4253.0,7
15694,858500,Caesar,Camilla,CROISSANTS,SEASHELLS,4249.0,6
15697,858800,Caesar,Camilla,CROISSANTS,SEASHELLS,4249.0,9
15709,859100,Caesar,Camilla,CROISSANTS,SEASHELLS,4248.0,10
15748,860600,Paris,Caesar,CROISSANTS,SEASHELLS,4247.0,8
15773,862400,Paris,Caesar,CROISSANTS,SEASHELLS,4248.0,5
15798,864700,Caesar,Paris,CROISSANTS,SEASHELLS,4251.0,6
15832,866300,Caesar,Paris,CROISSANTS,SEASHELLS,4257.0,8
15840,867200,Paris,Caesar,CROISSANTS,SEASHELLS,4258.0,8
15866,868700,Paris,Caesar,CROISSANTS,SEASHELLS,4255.0,6
15870,868900,Caesar,Paris,CROISSANTS,SEASHELLS,4254.0,5
15874,869000,Caesar,Paris,CROISSANTS,SEASHELLS,4254.0,7
15899,869800,Caesar,Paris,CROISSANTS,SEASHELLS,4254.0,7
15913,870400,Paris,Caesar,CROISSANTS,SEASHELLS,4254.0,6
15939,871800,Paris,Caesar,CROISSANTS,SEASHELLS,4255.0,8
15984,873400,Caesar,Paris,CROISSANTS,SEASHELLS,4254.0,7
16002,874000,Caesar,Paris,CROISSANTS,SEASHELLS,4254.0,6
16014,875100,Caesar,Paris,CROISSANTS,SEASHELLS,4253.0,7
16031,876300,Caesar,Camilla,CROISSANTS,SEASHELLS,4254.0,9
16041,877200,Paris,Caesar,CROISSANTS,SEASHELLS,4253.0,6
16062,878900,Caesar,Paris,CROISSANTS,SEASHELLS,4251.0,8
16064,879300,Caesar,Camilla,CROISSANTS,SEASHELLS,4252.0,6
16084,880400,Caesar,Paris,CROISSANTS,SEASHELLS,4252.0,7
16113,881700,Caesar,Paris,CROISSANTS,SEASHELLS,4254.0,6
16115,882200,Paris,Caesar,CROISSANTS,SEASHELLS,4256.0,5
16211,887700,Paris,Caesar,CROISSANTS,SEASHELLS,4250.0,5
16231,888700,Caesar,Paris,CROISSANTS,SEASHELLS,4249.0,8
16242,889100,Caesar,Camilla,CROISSANTS,SEASHELLS,4249.0,8
16245,889200,Caesar,Camilla,CROISSANTS,SEASHELLS,4249.0,8
16252,889700,Caesar,Camilla,CROISSANTS,SEASHELLS,4248.0,8
16268,890200,Caesar,Paris,CROISSANTS,SEASHELLS,4248.0,6
16276,891000,Caesar,Camilla,CROISSANTS,SEASHELLS,4248.0,4
16277,891000,Paris,Caesar,CROISSANTS,SEASHELLS,4249.0,8
16286,891300,Paris,Caesar,CROISSANTS,SEASHELLS,4249.0,7
16297,891600,Paris,Caesar,CROISSANTS,SEASHELLS,4249.0,5
16310,892100,Caesar,Paris,CROISSANTS,SEASHELLS,4248.0,5
16321,892800,Paris,Caesar,CROISSANTS,SEASHELLS,4249.0,6
16331,893400,Caesar,Paris,CROISSANTS,SEASHELLS,4248.0,8
16351,895200,Paris,Caesar,CROISSANTS,SEASHELLS,4249.0,8
16368,896200,Paris,Caesar,CROISSANTS,SEASHELLS,4251.0,5
16378,896800,Caesar,Camilla,CROISSANTS,SEASHELLS,4250.0,4
16386,897500,Caesar,Camilla,CROISSANTS,SEASHELLS,4251.0,10
16397,898400,Caesar,Camilla,CROISSANTS,SEASHELLS,4252.0,7
16419,899900,Paris,Caesar,CROISSANTS,SEASHELLS,4250.0,6
16436,901100,Paris,Caesar,CROISSANTS,SEASHELLS,4249.0,5
16437,901400,Caesar,Paris,CROISSANTS,SEASHELLS,4249.0,5
16451,901800,Caesar,Camilla,CROISSANTS,SEASHELLS,4248.0,5
16459,902400,Caesar,Camilla,CROISSANTS,SEASHELLS,4248.0,4
16474,903600,Paris,Caesar,CROISSANTS,SEASHELLS,4249.0,8
16487,904200,Caesar,Paris,CROISSANTS,SEASHELLS,4248.0,6
16504,904800,Caesar,Paris,CROISSANTS,SEASHELLS,4252.0,5
16515,905300,Caesar,Paris,CROISSANTS,SEASHELLS,4251.0,6
16529,906600,Paris,Caesar,CROISSANTS,SEASHELLS,4251.0,8
16548,907700,Caesar,Paris,CROISSANTS,SEASHELLS,4248.0,8
16559,908700,Caesar,Paris,CROISSANTS,SEASHELLS,4248.0,7
16578,910300,Caesar,Paris,CROISSANTS,SEASHELLS,4248.0,7
16589,910900,Caesar,Paris,CROISSANTS,SEASHELLS,4248.0,8
16593,911600,Caesar,Camilla,CROISSANTS,SEASHELLS,4247.0,4
16595,911800,Caesar,Paris,CROISSANTS,SEASHELLS,4247.0,8
16623,913400,Caesar,Paris,CROISSANTS,SEASHELLS,4248.0,7
16628,913800,Paris,Caesar,CROISSANTS,SEASHELLS,4250.0,7
16636,913900,Caesar,Paris,CROISSANTS,SEASHELLS,4249.0,7
16641,914000,Paris,Caesar,CROISSANTS,SEASHELLS,4250.0,6
16644,914100,Paris,Caesar,CROISSANTS,SEASHELLS,4250.0,7
16659,914800,Caesar,Paris,CROISSANTS,SEASHELLS,4250.0,8
16693,916300,Caesar,Paris,CROISSANTS,SEASHELLS,4250.0,7
16704,916900,Paris,Caesar,CROISSANTS,SEASHELLS,4252.0,6
16713,917100,Caesar,Paris,CROISSANTS,SEASHELLS,4251.0,8
16740,919300,Caesar,Camilla,CROISSANTS,SEASHELLS,4252.0,10
16753,919900,Caesar,Paris,CROISSANTS,SEASHELLS,4250.0,6
16754,920100,Paris,Caesar,CROISSANTS,SEASHELLS,4251.0,6
16771,920900,Paris,Caesar,CROISSANTS,SEASHELLS,4251.0,6
16786,921900,Caesar,Paris,CROISSANTS,SEASHELLS,4250.0,5
16815,923100,Caesar,Camilla,CROISSANTS,SEASHELLS,4252.0,8
16865,926000,Caesar,Camilla,CROISSANTS,SEASHELLS,4250.0,5
16876,926700,Paris,Caesar,CROISSANTS,SEASHELLS,4251.0,8
16879,926800,Caesar,Paris,CROISSANTS,SEASHELLS,4249.0,6
16914,928300,Paris,Caesar,CROISSANTS,SEASHELLS,4251.0,8
16930,928700,Caesar,Camilla,CROISSANTS,SEASHELLS,4249.0,4
16950,930100,Caesar,Camilla,CROISSANTS,SEASHELLS,4252.0,10
16951,930100,Caesar,Paris,CROISSANTS,SEASHELLS,4252.0,7
16963,931000,Caesar,Camilla,CROISSANTS,SEASHELLS,4253.0,9
16969,931500,Caesar,Camilla,CROISSANTS,SEASHELLS,4253.0,4
16995,932600,Caesar,Paris,CROISSANTS,SEASHELLS,4252.0,7
17066,935100,Caesar,Paris,CROISSANTS,SEASHELLS,4249.0,6
17099,936900,Caesar,Paris,CROISSANTS,SEASHELLS,4249.0,7
17116,937700,Paris,Caesar,CROISSANTS,SEASHELLS,4250.0,6
17118,937900,Paris,Caesar,CROISSANTS,SEASHELLS,4250.0,8
17126,938000,Caesar,Camilla,CROISSANTS,SEASHELLS,4249.0,7
17141,939000,Paris,Caesar,CROISSANTS,SEASHELLS,4249.0,7
17158,939400,Paris,Caesar,CROISSANTS,SEASHELLS,4249.0,6
17164,939900,Paris,Caesar,CROISSANTS,SEASHELLS,4249.0,6
17168,940700,Caesar,Camilla,CROISSANTS,SEASHELLS,4248.0,6
17179,941100,Caesar,Paris,CROISSANTS,SEASHELLS,4248.0,7
17216,942900,Caesar,Paris,CROISSANTS,SEASHELLS,4248.0,5
17235,944000,Caesar,Camilla,CROISSANTS,SEASHELLS,4248.0,10
17253,945900,Caesar,Camilla,CROISSANTS,SEASHELLS,4250.0,9
17258,946100,Caesar,Paris,CROISSANTS,SEASHELLS,4250.0,5
17278,947100,Caesar,Camilla,CROISSANTS,SEASHELLS,4248.0,6
17291,947500,Caesar,Paris,CROISSANTS,SEASHELLS,4247.0,5
17314,949100,Caesar,Paris,CROISSANTS,SEASHELLS,4248.0,6
17317,949200,Caesar,Camilla,CROISSANTS,SEASHELLS,4248.0,6
17318,949200,Caesar,Paris,CROISSANTS,SEASHELLS,4248.0,6
17330,949700,Caesar,Paris,CROISSANTS,SEASHELLS,4249.0,5
17347,950600,Caesar,Paris,CROISSANTS,SEASHELLS,4248.0,5
17369,951600,Caesar,Paris,CROISSANTS,SEASHELLS,4248.0,5
17373,952000,Paris,Caesar,CROISSANTS,SEASHELLS,4249.0,5
17376,952100,Paris,Caesar,CROISSANTS,SEASHELLS,4250.0,6
17386,952500,Caesar,Camilla,CROISSANTS,SEASHELLS,4249.0,9
17388,952600,Caesar,Paris,CROISSANTS,SEASHELLS,4248.0,7
17389,952700,Paris,Caesar,CROISSANTS,SEASHELLS,4249.0,7
17394,952900,Paris,Caesar,CROISSANTS,SEASHELLS,4249.0,6
17397,953100,Paris,Caesar,CROISSANTS,SEASHELLS,4248.0,5
17403,953600,Caesar,Paris,CROISSANTS,SEASHELLS,4247.0,8
17407,954200,Caesar,Camilla,CROISSANTS,SEASHELLS,4246.0,4
17428,955800,Paris,Caesar,CROISSANTS,SEASHELLS,4248.0,7
17432,956200,Paris,Caesar,CROISSANTS,SEASHELLS,4248.0,8
17450,957500,Caesar,Paris,CROISSANTS,SEASHELLS,4248.0,7
17459,958600,Caesar,Camilla,CROISSANTS,SEASHELLS,4249.0,5
17466,959200,Caesar,Paris,CROISSANTS,SEASHELLS,4249.0,5
17509,960800,Caesar,Camilla,CROISSANTS,SEASHELLS,4247.0,9
17512,961100,Paris,Caesar,CROISSANTS,SEASHELLS,4248.0,5
17559,965100,Paris,Caesar,CROISSANTS,SEASHELLS,4247.0,7
17603,967100,Paris,Caesar,CROISSANTS,SEASHELLS,4247.0,5
17618,967800,Caesar,Paris,CROISSANTS,SEASHELLS,4245.0,8
17626,968900,Paris,Caesar,CROISSANTS,SEASHELLS,4245.0,5
17628,969000,Caesar,Paris,CROISSANTS,SEASHELLS,4244.0,8
17630,969300,Paris,Caesar,CROISSANTS,SEASHELLS,4245.0,8
17645,970900,Paris,Caesar,CROISSANTS,SEASHELLS,4244.0,5
17675,971900,Paris,Caesar,CROISSANTS,SEASHELLS,4243.0,7
17739,974000,Caesar,Camilla,CROISSANTS,SEASHELLS,4242.0,5
17798,975800,Caesar,Camilla,CROISSANTS,SEASHELLS,4244.0,10
17799,975800,Caesar,Paris,CROISSANTS,SEASHELLS,4244.0,5
17844,977700,Caesar,Camilla,CROISSANTS,SEASHELLS,4244.0,5
17851,978100,Caesar,Camilla,CROISSANTS,SEASHELLS,4244.0,6
17857,978300,Paris,Caesar,CROISSANTS,SEASHELLS,4246.0,7
17864,978800,Caesar,Paris,CROISSANTS,SEASHELLS,4244.0,6
17878,979200,Paris,Caesar,CROISSANTS,SEASHELLS,4245.0,7
17889,980400,Paris,Caesar,CROISSANTS,SEASHELLS,4245.0,7
17956,983700,Paris,Caesar,CROISSANTS,SEASHELLS,4242.0,7
17982,985700,Caesar,Camilla,CROISSANTS,SEASHELLS,4241.0,4
17983,985900,Paris,Caesar,CROISSANTS,SEASHELLS,4241.0,6
18007,987300,Caesar,Paris,CROISSANTS,SEASHELLS,4240.0,7
18008,987400,Paris,Caesar,CROISSANTS,SEASHELLS,4242.0,7
18029,988400,Caesar,Paris,CROISSANTS,SEASHELLS,4240.0,8
18034,988900,Caesar,Camilla,CROISSANTS,SEASHELLS,4240.0,10
18037,989100,Caesar,Paris,CROISSANTS,SEASHELLS,4240.0,8
18042,989400,Paris,Caesar,CROISSANTS,SEASHELLS,4242.0,8
18043,989500,Caesar,Camilla,CROISSANTS,SEASHELLS,4240.0,6
18045,989700,Caesar,Camilla,CROISSANTS,SEASHELLS,4242.0,8
18046,989800,Caesar,Paris,CROISSANTS,SEASHELLS,4242.0,5
18064,991800,Caesar,Paris,CROISSANTS,SEASHELLS,4241.0,7
18071,992700,Caesar,Paris,CROISSANTS,SEASHELLS,4241.0,7
18096,993700,Caesar,Camilla,CROISSANTS,SEASHELLS,4240.0,6
18099,994000,Caesar,Camilla,CROISSANTS,SEASHELLS,4239.0,6
18123,994700,Caesar,Paris,CROISSANTS,SEASHELLS,4239.0,6
18125,994900,Paris,Caesar,CROISSANTS,SEASHELLS,4241.0,8
18161,996700,Caesar,Paris,CROISSANTS,SEASHELLS,4239.0,8
18170,997100,Caesar,Paris,CROISSANTS,SEASHELLS,4239.0,8
18234,998800,Caesar,Paris,CROISSANTS,SEASHELLS,4239.0,7
0,999600,Caesar,Paris,CROISSANTS,SEASHELLS,4241.0,8
5,1000000,Paris,Caesar,CROISSANTS,SEASHELLS,4242.0,5
6,1000400,Paris,Caesar,CROISSANTS,SEASHELLS,4242.0,5
42,1001900,Caesar,Camilla,CROISSANTS,SEASHELLS,4241.0,10
85,1004200,Paris,Caesar,CROISSANTS,SEASHELLS,4239.0,8
88,1004500,Caesar,Camilla,CROISSANTS,SEASHELLS,4238.0,5
102,1005700,Caesar,Paris,CROISSANTS,SEASHELLS,4239.0,7
112,1006200,Caesar,Camilla,CROISSANTS,SEASHELLS,4239.0,8
115,1006500,Caesar,Paris,CROISSANTS,SEASHELLS,4239.0,7
117,1006800,Caesar,Camilla,CROISSANTS,SEASHELLS,4238.0,4
137,1008700,Caesar,Camilla,CROISSANTS,SEASHELLS,4239.0,5
151,1009100,Caesar,Paris,CROISSANTS,SEASHELLS,4239.0,6
160,1009600,Paris,Caesar,CROISSANTS,SEASHELLS,4239.0,5
182,1011100,Paris,Caesar,CROISSANTS,SEASHELLS,4238.0,8
191,1011500,Paris,Caesar,CROISSANTS,SEASHELLS,4238.0,8
195,1011700,Paris,Caesar,CROISSANTS,SEASHELLS,4238.0,8
252,1014300,Paris,Caesar,CROISSANTS,SEASHELLS,4238.0,5
255,1014500,Paris,Caesar,CROISSANTS,SEASHELLS,4238.0,5
271,1015300,Caesar,Camilla,CROISSANTS,SEASHELLS,4236.0,9
292,1016500,Caesar,Camilla,CROISSANTS,SEASHELLS,4236.0,6
298,1017200,Caesar,Paris,CROISSANTS,SEASHELLS,4238.0,6
310,1017500,Caesar,Paris,CROISSANTS,SEASHELLS,4237.0,8
324,1018700,Camilla,Paris,CROISSANTS,SEASHELLS,4235.0,5
341,1020400,Caesar,Paris,CROISSANTS,SEASHELLS,4236.0,5
342,1020500,Caesar,Paris,CROISSANTS,SEASHELLS,4236.0,6
360,1021900,Caesar,Camilla,CROISSANTS,SEASHELLS,4236.0,10
395,1022800,Paris,Caesar,CROISSANTS,SEASHELLS,4236.0,7
396,1023000,Caesar,Paris,CROISSANTS,SEASHELLS,4235.0,8
397,1023100,Caesar,Paris,CROISSANTS,SEASHELLS,4235.0,8
401,1023300,Caesar,Paris,CROISSANTS,SEASHELLS,4235.0,8
421,1024300,Caesar,Camilla,CROISSANTS,SEASHELLS,4236.0,6
428,1024900,Caesar,Paris,CROISSANTS,SEASHELLS,4237.0,5
434,1025200,Caesar,Paris,CROISSANTS,SEASHELLS,4237.0,8
508,1028700,Paris,Caesar,CROISSANTS,SEASHELLS,4236.0,8
534,1030000,Paris,Caesar,CROISSANTS,SEASHELLS,4237.0,5
594,1032300,Caesar,Camilla,CROISSANTS,SEASHELLS,4236.0,10
608,1033200,Caesar,Paris,CROISSANTS,SEASHELLS,4236.0,7
611,1033500,Caesar,Camilla,CROISSANTS,SEASHELLS,4236.0,5
627,1034200,Paris,Caesar,CROISSANTS,SEASHELLS,4236.0,5
628,1034400,Paris,Caesar,CROISSANTS,SEASHELLS,4236.0,8
702,1037600,Paris,Caesar,CROISSANTS,SEASHELLS,4237.0,7
724,1039400,Paris,Caesar,CROISSANTS,SEASHELLS,4240.0,6
727,1039600,Caesar,Paris,CROISSANTS,SEASHELLS,4238.0,8
750,1040900,Caesar,Paris,CROISSANTS,SEASHELLS,4237.0,7
757,1041700,Caesar,Paris,CROISSANTS,SEASHELLS,4237.0,8
778,1042400,Caesar,Paris,CROISSANTS,SEASHELLS,4236.0,7
795,1042700,Caesar,Camilla,CROISSANTS,SEASHELLS,4236.0,9
797,1042900,Caesar,Camilla,CROISSANTS,SEASHELLS,4236.0,9
852,1044700,Caesar,Camilla,CROISSANTS,SEASHELLS,4236.0,6
853,1044800,Caesar,Paris,CROISSANTS,SEASHELLS,4236.0,6
878,1045600,Caesar,Paris,CROISSANTS,SEASHELLS,4236.0,7
923,1048100,Caesar,Paris,CROISSANTS,SEASHELLS,4236.0,6
932,1048500,Caesar,Camilla,CROISSANTS,SEASHELLS,4236.0,5
969,1050800,Camilla,Paris,CROISSANTS,SEASHELLS,4236.0,5
970,1050900,Caesar,Paris,CROISSANTS,SEASHELLS,4236.0,5
973,1051300,Caesar,Camilla,CROISSANTS,SEASHELLS,4236.0,7
977,1051500,Caesar,Paris,CROISSANTS,SEASHELLS,4236.0,7
1055,1055300,Caesar,Paris,CROISSANTS,SEASHELLS,4232.0,5
1059,1055500,Caesar,Paris,CROISSANTS,SEASHELLS,4231.0,7
1116,1058000,Paris,Caesar,CROISSANTS,SEASHELLS,4233.0,8
1122,1058600,Caesar,Camilla,CROISSANTS,SEASHELLS,4232.0,9
1140,1059900,Paris,Caesar,CROISSANTS,SEASHELLS,4233.0,8
1161,1060900,Caesar,Camilla,CROISSANTS,SEASHELLS,4231.0,7
1174,1062000,Caesar,Camilla,CROISSANTS,SEASHELLS,4231.0,6
1182,1062600,Caesar,Paris,CROISSANTS,SEASHELLS,4231.0,7
1199,1063600,Paris,Caesar,CROISSANTS,SEASHELLS,4232.0,5
1255,1066300,Caesar,Paris,CROISSANTS,SEASHELLS,4232.0,7
1286,1068300,Paris,Caesar,CROISSANTS,SEASHELLS,4233.0,8
1345,1071300,Caesar,Paris,CROISSANTS,SEASHELLS,4235.0,6
1353,1072100,Paris,Caesar,CROISSANTS,SEASHELLS,4237.0,7
1385,1073200,Paris,Caesar,CROISSANTS,SEASHELLS,4238.0,7
1474,1079800,Paris,Caesar,CROISSANTS,SEASHELLS,4241.0,6
1488,1080400,Paris,Caesar,CROISSANTS,SEASHELLS,4240.0,5
1494,1080700,Caesar,Paris,CROISSANTS,SEASHELLS,4239.0,7
1501,1081800,Caesar,Paris,CROISSANTS,SEASHELLS,4237.0,6
1510,1082700,Paris,Caesar,CROISSANTS,SEASHELLS,4238.0,8
1532,1083100,Caesar,Camilla,CROISSANTS,SEASHELLS,4237.0,4
1539,1083200,Caesar,Camilla,CROISSANTS,SEASHELLS,4237.0,6
1540,1083200,Caesar,Paris,CROISSANTS,SEASHELLS,4237.0,5
1573,1085400,Caesar,Camilla,CROISSANTS,SEASHELLS,4238.0,6
1580,1085800,Caesar,Camilla,CROISSANTS,SEASHELLS,4238.0,6
1581,1085800,Caesar,Paris,CROISSANTS,SEASHELLS,4238.0,6
1593,1087000,Paris,Caesar,CROISSANTS,SEASHELLS,4239.0,5
1597,1087700,Caesar,Camilla,CROISSANTS,SEASHELLS,4238.0,6
1605,1088300,Caesar,Camilla,CROISSANTS,SEASHELLS,4238.0,6
1608,1088500,Caesar,Camilla,CROISSANTS,SEASHELLS,4239.0,7
1625,1089200,Caesar,Paris,CROISSANTS,SEASHELLS,4239.0,5
1670,1091100,Paris,Caesar,CROISSANTS,SEASHELLS,4240.0,8
1717,1093000,Caesar,Camilla,CROISSANTS,SEASHELLS,4238.0,4
1727,1093900,Caesar,Camilla,CROISSANTS,SEASHELLS,4237.0,6
1741,1094800,Caesar,Camilla,CROISSANTS,SEASHELLS,4237.0,5
1792,1098200,Caesar,Paris,CROISSANTS,SEASHELLS,4235.0,7
1799,1098500,Caesar,Paris,CROISSANTS,SEASHELLS,4235.0,6
1823,1099500,Caesar,Paris,CROISSANTS,SEASHELLS,4237.0,7
1842,1100800,Paris,Caesar,CROISSANTS,SEASHELLS,4240.0,5
1858,1101500,Caesar,Camilla,CROISSANTS,SEASHELLS,4239.0,8
1881,1102100,Paris,Caesar,CROISSANTS,SEASHELLS,4241.0,8
1902,1102700,Caesar,Camilla,CROISSANTS,SEASHELLS,4240.0,9
1904,1103000,Caesar,Paris,CROISSANTS,SEASHELLS,4240.0,7
1916,1103700,Paris,Caesar,CROISSANTS,SEASHELLS,4242.0,5
1930,1104000,Caesar,Paris,CROISSANTS,SEASHELLS,4241.0,8
1937,1104400,Caesar,Paris,CROISSANTS,SEASHELLS,4241.0,6
1981,1106200,Paris,Caesar,CROISSANTS,SEASHELLS,4240.0,6
1987,1106700,Paris,Caesar,CROISSANTS,SEASHELLS,4240.0,7
2005,1107800,Caesar,Paris,CROISSANTS,SEASHELLS,4238.0,8
2010,1108000,Paris,Caesar,CROISSANTS,SEASHELLS,4239.0,7
2022,1109000,Caesar,Camilla,CROISSANTS,SEASHELLS,4238.0,4
2083,1112300,Caesar,Camilla,CROISSANTS,SEASHELLS,4240.0,6
2086,1112400,Caesar,Paris,CROISSANTS,SEASHELLS,4240.0,5
2111,1114400,Paris,Caesar,CROISSANTS,SEASHELLS,4243.0,7
2163,1118000,Caesar,Paris,CROISSANTS,SEASHELLS,4242.0,7
2174,1118400,Caesar,Paris,CROISSANTS,SEASHELLS,4243.0,8
2184,1119400,Paris,Caesar,CROISSANTS,SEASHELLS,4243.0,7
2208,1120400,Paris,Caesar,CROISSANTS,SEASHELLS,4243.0,5
2213,1120700,Caesar,Paris,CROISSANTS,SEASHELLS,4242.0,8
2241,1122900,Caesar,Paris,CROISSANTS,SEASHELLS,4239.0,6
2244,1123300,Caesar,Camilla,CROISSANTS,SEASHELLS,4239.0,8
2245,1123300,Caesar,Paris,CROISSANTS,SEASHELLS,4239.0,7
2251,1123700,Paris,Caesar,CROISSANTS,SEASHELLS,4240.0,8
2330,1127400,Caesar,Camilla,CROISSANTS,SEASHELLS,4239.0,5
2344,1128100,Caesar,Paris,CROISSANTS,SEASHELLS,4238.0,5
2345,1128200,Caesar,Paris,CROISSANTS,SEASHELLS,4238.0,6
2418,1131300,Caesar,Camilla,CROISSANTS,SEASHELLS,4236.0,9
2437,1131800,Paris,Caesar,CROISSANTS,SEASHELLS,4236.0,5
2475,1133500,Caesar,Camilla,CROISSANTS,SEASHELLS,4234.0,5
2487,1134700,Caesar,Paris,CROISSANTS,SEASHELLS,4234.0,6
2490,1134800,Caesar,Camilla,CROISSANTS,SEASHELLS,4234.0,5
2496,1135200,Caesar,Camilla,CROISSANTS,SEASHELLS,4233.0,9
2497,1135200,Paris,Caesar,CROISSANTS,SEASHELLS,4235.0,7
2524,1136200,Paris,Caesar,CROISSANTS,SEASHELLS,4236.0,5
2526,1136300,Paris,Caesar,CROISSANTS,SEASHELLS,4236.0,5
2530,1136800,Paris,Caesar,CROISSANTS,SEASHELLS,4237.0,5
2535,1137500,Paris,Caesar,CROISSANTS,SEASHELLS,4236.0,6
2553,1138300,Paris,Caesar,CROISSANTS,SEASHELLS,4236.0,6
2574,1139400,Paris,Caesar,CROISSANTS,SEASHELLS,4235.0,7
2593,1140600,Paris,Caesar,CROISSANTS,SEASHELLS,4236.0,7
2714,1143900,Caesar,Paris,CROISSANTS,SEASHELLS,4234.0,5
2756,1146000,Caesar,Paris,CROISSANTS,SEASHELLS,4235.0,8
2772,1147000,Caesar,Paris,CROISSANTS,SEASHELLS,4235.0,7
2775,1147200,Caesar,Paris,CROISSANTS,SEASHELLS,4235.0,6
2792,1148100,Paris,Caesar,CROISSANTS,SEASHELLS,4236.0,6
2802,1148300,Caesar,Paris,CROISSANTS,SEASHELLS,4235.0,8
2815,1149200,Caesar,Paris,CROISSANTS,SEASHELLS,4235.0,8
2862,1151700,Paris,Caesar,CROISSANTS,SEASHELLS,4236.0,5
2893,1152900,Paris,Caesar,CROISSANTS,SEASHELLS,4236.0,6
2896,1153100,Paris,Caesar,CROISSANTS,SEASHELLS,4236.0,8
2911,1153600,Caesar,Paris,CROISSANTS,SEASHELLS,4235.0,5
2927,1154600,Caesar,Camilla,CROISSANTS,SEASHELLS,4235.0,4
2936,1155000,Caesar,Paris,CROISSANTS,SEASHELLS,4234.0,8
2942,1156300,Paris,Caesar,CROISSANTS,SEASHELLS,4238.0,6
2950,1157000,Caesar,Camilla,CROISSANTS,SEASHELLS,4236.0,9
2991,1159600,Caesar,Paris,CROISSANTS,SEASHELLS,4234.0,8
3007,1160600,Caesar,Paris,CROISSANTS,SEASHELLS,4234.0,6
3017,1161300,Caesar,Paris,CROISSANTS,SEASHELLS,4234.0,6
3028,1161500,Caesar,Paris,CROISSANTS,SEASHELLS,4234.0,5
3151,1165700,Caesar,Paris,CROISSANTS,SEASHELLS,4235.0,8
3164,1166400,Paris,Caesar,CROISSANTS,SEASHELLS,4236.0,6
3166,1166500,Paris,Caesar,CROISSANTS,SEASHELLS,4236.0,6
3169,1166700,Caesar,Paris,CROISSANTS,SEASHELLS,4235.0,8
3203,1168600,Caesar,Camilla,CROISSANTS,SEASHELLS,4236.0,7
3217,1169700,Caesar,Paris,CROISSANTS,SEASHELLS,4236.0,6
3268,1171400,Paris,Caesar,CROISSANTS,SEASHELLS,4238.0,8
3272,1171600,Paris,Caesar,CROISSANTS,SEASHELLS,4237.0,6
3277,1171700,Paris,Caesar,CROISSANTS,SEASHELLS,4237.0,8
3297,1172500,Paris,Caesar,CROISSANTS,SEASHELLS,4236.0,5
3313,1173200,Paris,Caesar,CROISSANTS,SEASHELLS,4234.0,5
3319,1173700,Caesar,Paris,CROISSANTS,SEASHELLS,4232.0,6
3341,1174400,Caesar,Paris,CROISSANTS,SEASHELLS,4231.0,5
3360,1175300,Caesar,Camilla,CROISSANTS,SEASHELLS,4232.0,4
3373,1175900,Caesar,Paris,CROISSANTS,SEASHELLS,4232.0,5
3380,1176100,Caesar,Camilla,CROISSANTS,SEASHELLS,4232.0,7
3402,1176900,Caesar,Camilla,CROISSANTS,SEASHELLS,4232.0,8
3417,1177900,Caesar,Camilla,CROISSANTS,SEASHELLS,4232.0,10
3435,1178800,Paris,Caesar,CROISSANTS,SEASHELLS,4234.0,6
3518,1182600,Paris,Caesar,CROISSANTS,SEASHELLS,4234.0,7
3519,1182800,Caesar,Camilla,CROISSANTS,SEASHELLS,4233.0,10
3531,1183500,Paris,Caesar,CROISSANTS,SEASHELLS,4234.0,7
3546,1184000,Caesar,Paris,CROISSANTS,SEASHELLS,4232.0,5
3550,1184400,Caesar,Camilla,CROISSANTS,SEASHELLS,4233.0,10
3561,1185100,Caesar,Paris,CROISSANTS,SEASHELLS,4233.0,6
3600,1188300,Caesar,Paris,CROISSANTS,SEASHELLS,4231.0,7
3632,1189000,Paris,Caesar,CROISSANTS,SEASHELLS,4232.0,7
3657,1190200,Caesar,Paris,CROISSANTS,SEASHELLS,4231.0,6
3702,1193000,Paris,Caesar,CROISSANTS,SEASHELLS,4233.0,5
3721,1194000,Caesar,Camilla,CROISSANTS,SEASHELLS,4232.0,10
3726,1194400,Caesar,Camilla,CROISSANTS,SEASHELLS,4232.0,7
3733,1195000,Caesar,Paris,CROISSANTS,SEASHELLS,4232.0,5
3779,1197100,Caesar,Paris,CROISSANTS,SEASHELLS,4231.0,6
3804,1199000,Paris,Caesar,CROISSANTS,SEASHELLS,4231.0,7
3806,1199200,Caesar,Camilla,CROISSANTS,SEASHELLS,4230.0,10
3811,1199500,Caesar,Paris,CROISSANTS,SEASHELLS,4230.0,6
3822,1199800,Caesar,Camilla,CROISSANTS,SEASHELLS,4230.0,4
3848,1200900,Caesar,Camilla,CROISSANTS,SEASHELLS,4230.0,5
3857,1201200,Caesar,Paris,CROISSANTS,SEASHELLS,4230.0,7
3868,1202300,Paris,Caesar,CROISSANTS,SEASHELLS,4233.0,7
3894,1203600,Caesar,Camilla,CROISSANTS,SEASHELLS,4232.0,4
3914,1204700,Caesar,Paris,CROISSANTS,SEASHELLS,4232.0,6
3938,1206200,Paris,Caesar,CROISSANTS,SEASHELLS,4234.0,7
3939,1206300,Caesar,Camilla,CROISSANTS,SEASHELLS,4233.0,5
3956,1207000,Caesar,Camilla,CROISSANTS,SEASHELLS,4231.0,7
3964,1207700,Caesar,Camilla,CROISSANTS,SEASHELLS,4231.0,6
4032,1211300,Paris,Caesar,CROISSANTS,SEASHELLS,4232.0,8
4033,1211400,Caesar,Paris,CROISSANTS,SEASHELLS,4231.0,6
4038,1211600,Paris,Caesar,CROISSANTS,SEASHELLS,4232.0,5
4046,1212100,Caesar,Paris,CROISSANTS,SEASHELLS,4230.0,5
4065,1214000,Caesar,Camilla,CROISSANTS,SEASHELLS,4229.0,4
4075,1214500,Caesar,Camilla,CROISSANTS,SEASHELLS,4229.0,6
4091,1215800,Paris,Caesar,CROISSANTS,SEASHELLS,4232.0,5
4119,1217000,Caesar,Paris,CROISSANTS,SEASHELLS,4231.0,8
4189,1221800,Caesar,Camilla,CROISSANTS,SEASHELLS,4232.0,7
4195,1222100,Caesar,Paris,CROISSANTS,SEASHELLS,4231.0,5
4216,1223200,Paris,Caesar,CROISSANTS,SEASHELLS,4233.0,5
4255,1224600,Paris,Caesar,CROISSANTS,SEASHELLS,4232.0,7
4262,1225300,Paris,Caesar,CROISSANTS,SEASHELLS,4233.0,6
4283,1226800,Paris,Caesar,CROISSANTS,SEASHELLS,4232.0,6
4289,1227700,Paris,Caesar,CROISSANTS,SEASHELLS,4232.0,5
4300,1228000,Caesar,Paris,CROISSANTS,SEASHELLS,4231.0,5
4302,1228800,Caesar,Paris,CROISSANTS,SEASHELLS,4231.0,6
4308,1229300,Paris,Caesar,CROISSANTS,SEASHELLS,4231.0,7
4312,1229700,Caesar,Paris,CROISSANTS,SEASHELLS,4231.0,8
4348,1231300,Caesar,Paris,CROISSANTS,SEASHELLS,4233.0,8
4351,1231400,Paris,Caesar,CROISSANTS,SEASHELLS,4234.0,6
4372,1232200,Caesar,Paris,CROISSANTS,SEASHELLS,4233.0,5
4377,1232400,Caesar,Paris,CROISSANTS,SEASHELLS,4233.0,6
4405,1233300,Caesar,Paris,CROISSANTS,SEASHELLS,4233.0,5
4436,1235300,Caesar,Paris,CROISSANTS,SEASHELLS,4233.0,7
4438,1235500,Paris,Caesar,CROISSANTS,SEASHELLS,4234.0,8
4466,1236600,Paris,Caesar,CROISSANTS,SEASHELLS,4233.0,7
4477,1237500,Caesar,Camilla,CROISSANTS,SEASHELLS,4232.0,8
4549,1241700,Caesar,Paris,CROISSANTS,SEASHELLS,4234.0,7
4566,1242700,Caesar,Camilla,CROISSANTS,SEASHELLS,4234.0,6
4583,1244000,Paris,Caesar,CROISSANTS,SEASHELLS,4235.0,5
4601,1244400,Caesar,Paris,CROISSANTS,SEASHELLS,4234.0,8
4607,1244600,Caesar,Paris,CROISSANTS,SEASHELLS,4234.0,7
4635,1245600,Paris,Caesar,CROISSANTS,SEASHELLS,4235.0,5
4664,1246800,Paris,Caesar,CROISSANTS,SEASHELLS,4235.0,6
4749,1250400,Caesar,Paris,CROISSANTS,SEASHELLS,4232.0,6
4752,1250500,Caesar,Paris,CROISSANTS,SEASHELLS,4233.0,8
4779,1251900,Caesar,Camilla,CROISSANTS,SEASHELLS,4233.0,4
4798,1252800,Paris,Caesar,CROISSANTS,SEASHELLS,4234.0,6
4799,1252900,Caesar,Camilla,CROISSANTS,SEASHELLS,4233.0,6
4800,1252900,Paris,Caesar,CROISSANTS,SEASHELLS,4234.0,8
4832,1255000,Caesar,Paris,CROISSANTS,SEASHELLS,4233.0,5
4836,1255500,Caesar,Camilla,CROISSANTS,SEASHELLS,4232.0,8
4850,1256700,Caesar,Camilla,CROISSANTS,SEASHELLS,4233.0,10
4852,1256900,Paris,Caesar,CROISSANTS,SEASHELLS,4234.0,6
4868,1258500,Caesar,Camilla,CROISSANTS,SEASHELLS,4233.0,8
4873,1258600,Caesar,Paris,CROISSANTS,SEASHELLS,4233.0,5
4892,1259500,Caesar,Paris,CROISSANTS,SEASHELLS,4234.0,6
4906,1260200,Caesar,Paris,CROISSANTS,SEASHELLS,4233.0,7
4940,1262000,Paris,Caesar,CROISSANTS,SEASHELLS,4237.0,6
4988,1264800,Caesar,Camilla,CROISSANTS,SEASHELLS,4235.0,6
5059,1268800,Caesar,Paris,CROISSANTS,SEASHELLS,4237.0,6
5068,1269100,Caesar,Camilla,CROISSANTS,SEASHELLS,4236.0,5
5075,1269200,Caesar,Camilla,CROISSANTS,SEASHELLS,4236.0,5
5076,1269200,Paris,Caesar,CROISSANTS,SEASHELLS,4237.0,8
5110,1271200,Caesar,Camilla,CROISSANTS,SEASHELLS,4237.0,7
5111,1271200,Paris,Caesar,CROISSANTS,SEASHELLS,4238.0,6
5169,1274800,Paris,Caesar,CROISSANTS,SEASHELLS,4238.0,6
5219,1277700,Caesar,Camilla,CROISSANTS,SEASHELLS,4237.0,5
5224,1278100,Paris,Caesar,CROISSANTS,SEASHELLS,4238.0,6
5247,1278700,Caesar,Paris,CROISSANTS,SEASHELLS,4236.0,7
5250,1278800,Paris,Caesar,CROISSANTS,SEASHELLS,4238.0,7
5290,1280500,Caesar,Paris,CROISSANTS,SEASHELLS,4233.0,6
5328,1282000,Caesar,Paris,CROISSANTS,SEASHELLS,4234.0,7
5342,1282900,Caesar,Paris,CROISSANTS,SEASHELLS,4234.0,5
5364,1283800,Caesar,Paris,CROISSANTS,SEASHELLS,4234.0,8
5406,1285900,Caesar,Camilla,CROISSANTS,SEASHELLS,4234.0,8
5422,1287400,Paris,Caesar,CROISSANTS,SEASHELLS,4235.0,6
5478,1290300,Paris,Caesar,CROISSANTS,SEASHELLS,4235.0,6
5482,1290500,Paris,Caesar,CROISSANTS,SEASHELLS,4235.0,5
5491,1291100,Caesar,Paris,CROISSANTS,SEASHELLS,4234.0,6
5502,1291500,Paris,Caesar,CROISSANTS,SEASHELLS,4234.0,6
5503,1291700,Paris,Caesar,CROISSANTS,SEASHELLS,4234.0,6
5511,1292300,Paris,Caesar,CROISSANTS,SEASHELLS,4234.0,5
5525,1293200,Caesar,Paris,CROISSANTS,SEASHELLS,4232.0,8
5544,1294000,Paris,Caesar,CROISSANTS,SEASHELLS,4235.0,5
5561,1295900,Caesar,Paris,CROISSANTS,SEASHELLS,4234.0,5
5587,1297700,Caesar,Paris,CROISSANTS,SEASHELLS,4235.0,6
5619,1299700,Paris,Caesar,CROISSANTS,SEASHELLS,4235.0,5
5626,1300500,Caesar,Camilla,CROISSANTS,SEASHELLS,4234.0,4
5648,1302000,Paris,Caesar,CROISSANTS,SEASHELLS,4235.0,8
5672,1303000,Paris,Caesar,CROISSANTS,SEASHELLS,4234.0,6
5696,1305100,Paris,Caesar,CROISSANTS,SEASHELLS,4234.0,7
5702,1305400,Caesar,Camilla,CROISSANTS,SEASHELLS,4233.0,8
5721,1306200,Paris,Caesar,CROISSANTS,SEASHELLS,4235.0,5
5733,1307100,Caesar,Paris,CROISSANTS,SEASHELLS,4233.0,5
5738,1307500,Caesar,Paris,CROISSANTS,SEASHELLS,4233.0,5
5750,1308800,Caesar,Camilla,CROISSANTS,SEASHELLS,4233.0,10
5771,1309400,Caesar,Paris,CROISSANTS,SEASHELLS,4234.0,6
5814,1311800,Caesar,Paris,CROISSANTS,SEASHELLS,4233.0,8
5900,1315900,Caesar,Camilla,CROISSANTS,SEASHELLS,4233.0,10
5903,1316100,Paris,Caesar,CROISSANTS,SEASHELLS,4234.0,8
5906,1316400,Paris,Caesar,CROISSANTS,SEASHELLS,4234.0,7
5957,1319100,Caesar,Paris,CROISSANTS,SEASHELLS,4233.0,5
5960,1319400,Paris,Caesar,CROISSANTS,SEASHELLS,4233.0,7
5962,1319500,Caesar,Paris,CROISSANTS,SEASHELLS,4232.0,5
5992,1321100,Caesar,Paris,CROISSANTS,SEASHELLS,4232.0,5
6013,1322500,Caesar,Camilla,CROISSANTS,SEASHELLS,4231.0,6
6018,1322800,Camilla,Paris,CROISSANTS,SEASHELLS,4231.0,5
6029,1323900,Paris,Caesar,CROISSANTS,SEASHELLS,4231.0,8
6037,1324200,Caesar,Paris,CROISSANTS,SEASHELLS,4230.0,7
6044,1324500,Paris,Caesar,CROISSANTS,SEASHELLS,4231.0,8
6050,1325000,Paris,Caesar,CROISSANTS,SEASHELLS,4230.0,6
6069,1325800,Caesar,Camilla,CROISSANTS,SEASHELLS,4230.0,6
6077,1326300,Caesar,Camilla,CROISSANTS,SEASHELLS,4230.0,4
6078,1326300,Caesar,Paris,CROISSANTS,SEASHELLS,4230.0,5
6083,1326600,Paris,Caesar,CROISSANTS,SEASHELLS,4230.0,8
6094,1327700,Caesar,Paris,CROISSANTS,SEASHELLS,4229.0,5
6108,1329000,Paris,Caesar,CROISSANTS,SEASHELLS,4230.0,7
6133,1330100,Caesar,Camilla,CROISSANTS,SEASHELLS,4232.0,5
6148,1330800,Paris,Caesar,CROISSANTS,SEASHELLS,4235.0,5
6155,1331200,Paris,Caesar,CROISSANTS,SEASHELLS,4234.0,5
6158,1331500,Paris,Caesar,CROISSANTS,SEASHELLS,4233.0,7
6159,1331600,Caesar,Camilla,CROISSANTS,SEASHELLS,4231.0,6
6177,1333200,Caesar,Paris,CROISSANTS,SEASHELLS,4229.0,5
6193,1334100,Caesar,Camilla,CROISSANTS,SEASHELLS,4231.0,6
6201,1334300,Caesar,Camilla,CROISSANTS,SEASHELLS,4231.0,10
6227,1335600,Caesar,Camilla,CROISSANTS,SEASHELLS,4229.0,8
6237,1336200,Caesar,Paris,CROISSANTS,SEASHELLS,4230.0,8
6244,1337100,Caesar,Camilla,CROISSANTS,SEASHELLS,4230.0,6
6250,1337600,Caesar,Paris,CROISSANTS,SEASHELLS,4230.0,8
6260,1338000,Paris,Caesar,CROISSANTS,SEASHELLS,4230.0,6
6270,1338600,Caesar,Paris,CROISSANTS,SEASHELLS,4229.0,6
6336,1343200,Olivia,Caesar,CROISSANTS,SEASHELLS,4227.0,3
6370,1344700,Caesar,Paris,CROISSANTS,SEASHELLS,4228.0,8
6377,1345100,Caesar,Paris,CROISSANTS,SEASHELLS,4228.0,7
6393,1345600,Caesar,Camilla,CROISSANTS,SEASHELLS,4228.0,5
6429,1348400,Caesar,Paris,CROISSANTS,SEASHELLS,4233.0,5
6434,1348600,Caesar,Paris,CROISSANTS,SEASHELLS,4232.0,6
6457,1349800,Paris,Caesar,CROISSANTS,SEASHELLS,4237.0,7
6467,1350200,Paris,Caesar,CROISSANTS,SEASHELLS,4238.0,6
6480,1350800,Paris,Caesar,CROISSANTS,SEASHELLS,4238.0,6
6484,1350900,Caesar,Paris,CROISSANTS,SEASHELLS,4237.0,5
6625,1357600,Caesar,Camilla,CROISSANTS,SEASHELLS,4238.0,7
6652,1358900,Paris,Caesar,CROISSANTS,SEASHELLS,4243.0,8
6664,1360100,Caesar,Paris,CROISSANTS,SEASHELLS,4242.0,8
6676,1360900,Caesar,Camilla,CROISSANTS,SEASHELLS,4243.0,10
6700,1361500,Caesar,Camilla,CROISSANTS,SEASHELLS,4242.0,7
6723,1362200,Paris,Caesar,CROISSANTS,SEASHELLS,4241.0,5
6727,1362300,Caesar,Camilla,CROISSANTS,SEASHELLS,4239.0,9
6730,1362500,Caesar,Paris,CROISSANTS,SEASHELLS,4239.0,8
6758,1363600,Caesar,Paris,CROISSANTS,SEASHELLS,4240.0,7
6776,1364800,Caesar,Paris,CROISSANTS,SEASHELLS,4240.0,6
6791,1365900,Caesar,Paris,CROISSANTS,SEASHELLS,4239.0,6
6813,1367000,Caesar,Camilla,CROISSANTS,SEASHELLS,4240.0,4
6857,1370100,Caesar,Paris,CROISSANTS,SEASHELLS,4241.0,7
6858,1370400,Caesar,Paris,CROISSANTS,SEASHELLS,4241.0,7
6868,1370800,Paris,Caesar,CROISSANTS,SEASHELLS,4241.0,7
6910,1372600,Paris,Caesar,CROISSANTS,SEASHELLS,4240.0,5
6926,1373700,Caesar,Paris,CROISSANTS,SEASHELLS,4239.0,7
6961,1375300,Caesar,Paris,CROISSANTS,SEASHELLS,4245.0,7
6982,1376300,Caesar,Paris,CROISSANTS,SEASHELLS,4242.0,8
7026,1380000,Paris,Caesar,CROISSANTS,SEASHELLS,4249.0,8
7038,1380900,Caesar,Camilla,CROISSANTS,SEASHELLS,4248.0,4
7058,1381800,Paris,Caesar,CROISSANTS,SEASHELLS,4249.0,5
7076,1382200,Caesar,Paris,CROISSANTS,SEASHELLS,4247.0,8
7079,1382700,Caesar,Camilla,CROISSANTS,SEASHELLS,4248.0,6
7087,1383300,Caesar,Paris,CROISSANTS,SEASHELLS,4248.0,5
7096,1383600,Caesar,Paris,CROISSANTS,SEASHELLS,4248.0,7
7122,1384100,Caesar,Paris,CROISSANTS,SEASHELLS,4248.0,5
7135,1384900,Paris,Caesar,CROISSANTS,SEASHELLS,4249.0,5
7147,1385900,Paris,Caesar,CROISSANTS,SEASHELLS,4253.0,6
7154,1386400,Caesar,Paris,CROISSANTS,SEASHELLS,4252.0,7
7181,1387100,Caesar,Camilla,CROISSANTS,SEASHELLS,4250.0,7
7215,1388700,Caesar,Paris,CROISSANTS,SEASHELLS,4249.0,6
7217,1389000,Caesar,Camilla,CROISSANTS,SEASHELLS,4250.0,8
7231,1389300,Paris,Caesar,CROISSANTS,SEASHELLS,4252.0,5
7247,1390500,Caesar,Paris,CROISSANTS,SEASHELLS,4248.0,5
7276,1392800,Paris,Caesar,CROISSANTS,SEASHELLS,4251.0,8
7287,1393100,Caesar,Camilla,CROISSANTS,SEASHELLS,4250.0,6
7299,1394000,Caesar,Camilla,CROISSANTS,SEASHELLS,4251.0,5
7325,1395100,Paris,Caesar,CROISSANTS,SEASHELLS,4256.0,7
7340,1395200,Caesar,Camilla,CROISSANTS,SEASHELLS,4255.0,9
7352,1396000,Caesar,Camilla,CROISSANTS,SEASHELLS,4256.0,4
7353,1396100,Paris,Caesar,CROISSANTS,SEASHELLS,4257.0,7
7363,1397000,Paris,Caesar,CROISSANTS,SEASHELLS,4258.0,5
7401,1397800,Caesar,Paris,CROISSANTS,SEASHELLS,4258.0,6
7433,1400300,Paris,Caesar,CROISSANTS,SEASHELLS,4264.0,7
7437,1400400,Caesar,Paris,CROISSANTS,SEASHELLS,4262.0,8
7454,1401600,Caesar,Camilla,CROISSANTS,SEASHELLS,4261.0,6
7468,1401900,Paris,Caesar,CROISSANTS,SEASHELLS,4262.0,5
7502,1403300,Caesar,Paris,CROISSANTS,SEASHELLS,4262.0,8
7564,1406300,Caesar,Paris,CROISSANTS,SEASHELLS,4264.0,5
7575,1406900,Caesar,Camilla,CROISSANTS,SEASHELLS,4267.0,8
7576,1406900,Caesar,Paris,CROISSANTS,SEASHELLS,4267.0,6
7590,1407400,Caesar,Paris,CROISSANTS,SEASHELLS,4268.0,5
7620,1408300,Caesar,Camilla,CROISSANTS,SEASHELLS,4267.0,6
7622,1408500,Caesar,Paris,CROISSANTS,SEASHELLS,4266.0,8
7648,1409300,Paris,Caesar,CROISSANTS,SEASHELLS,4269.0,8
7704,1411900,Caesar,Paris,CROISSANTS,SEASHELLS,4266.0,5
7740,1413800,Caesar,Paris,CROISSANTS,SEASHELLS,4267.0,5
7774,1416100,Caesar,Paris,CROISSANTS,SEASHELLS,4261.0,7
7777,1416200,Paris,Caesar,CROISSANTS,SEASHELLS,4262.0,6
7783,1416700,Caesar,Paris,CROISSANTS,SEASHELLS,4261.0,5
7789,1417300,Caesar,Camilla,CROISSANTS,SEASHELLS,4260.0,6
7791,1417400,Caesar,Paris,CROISSANTS,SEASHELLS,4259.0,6
7807,1418800,Caesar,Paris,CROISSANTS,SEASHELLS,4259.0,8
7841,1420900,Paris,Caesar,CROISSANTS,SEASHELLS,4261.0,7
7866,1422500,Caesar,Paris,CROISSANTS,SEASHELLS,4259.0,5
7867,1422600,Caesar,Paris,CROISSANTS,SEASHELLS,4259.0,5
7877,1423500,Caesar,Paris,CROISSANTS,SEASHELLS,4258.0,5
7901,1424800,Caesar,Camilla,CROISSANTS,SEASHELLS,4258.0,8
7910,1425000,Caesar,Camilla,CROISSANTS,SEASHELLS,4258.0,9
7929,1425900,Paris,Caesar,CROISSANTS,SEASHELLS,4258.0,5
7952,1426900,Caesar,Paris,CROISSANTS,SEASHELLS,4256.0,7
7959,1427500,Caesar,Paris,CROISSANTS,SEASHELLS,4255.0,7
7962,1427600,Caesar,Paris,CROISSANTS,SEASHELLS,4255.0,5
7970,1428000,Caesar,Paris,CROISSANTS,SEASHELLS,4256.0,6
7983,1429400,Paris,Caesar,CROISSANTS,SEASHELLS,4258.0,6
7988,1429700,Paris,Caesar,CROISSANTS,SEASHELLS,4257.0,5
8019,1430700,Paris,Caesar,CROISSANTS,SEASHELLS,4253.0,6
8041,1432200,Paris,Caesar,CROISSANTS,SEASHELLS,4255.0,5
8091,1433600,Caesar,Camilla,CROISSANTS,SEASHELLS,4256.0,4
8109,1434700,Paris,Caesar,CROISSANTS,SEASHELLS,4256.0,7
8115,1435100,Caesar,Camilla,CROISSANTS,SEASHELLS,4255.0,8
8142,1436300,Paris,Caesar,CROISSANTS,SEASHELLS,4255.0,5
8143,1436400,Caesar,Camilla,CROISSANTS,SEASHELLS,4254.0,5
8145,1436500,Caesar,Paris,CROISSANTS,SEASHELLS,4255.0,5
8222,1440300,Paris,Caesar,CROISSANTS,SEASHELLS,4257.0,7
8245,1441300,Caesar,Camilla,CROISSANTS,SEASHELLS,4255.0,5
8250,1441600,Caesar,Paris,CROISSANTS,SEASHELLS,4254.0,8
8269,1442200,Caesar,Camilla,CROISSANTS,SEASHELLS,4255.0,4
8342,1445400,Caesar,Paris,CROISSANTS,SEASHELLS,4252.0,7
8366,1446900,Caesar,Paris,CROISSANTS,SEASHELLS,4252.0,8
8390,1447400,Caesar,Camilla,CROISSANTS,SEASHELLS,4252.0,5
8432,1449500,Caesar,Paris,CROISSANTS,SEASHELLS,4252.0,6
8443,1450200,Caesar,Camilla,CROISSANTS,SEASHELLS,4250.0,4
8448,1450500,Paris,Caesar,CROISSANTS,SEASHELLS,4252.0,6
8481,1453500,Caesar,Camilla,CROISSANTS,SEASHELLS,4250.0,8
8488,1453800,Caesar,Paris,CROISSANTS,SEASHELLS,4249.0,8
8490,1454100,Caesar,Paris,CROISSANTS,SEASHELLS,4248.0,6
8514,1455500,Caesar,Paris,CROISSANTS,SEASHELLS,4247.0,6
8544,1457100,Paris,Caesar,CROISSANTS,SEASHELLS,4249.0,5
8578,1458800,Caesar,Camilla,CROISSANTS,SEASHELLS,4250.0,5
8580,1458900,Caesar,Paris,CROISSANTS,SEASHELLS,4250.0,8
8611,1460400,Caesar,Paris,CROISSANTS,SEASHELLS,4251.0,8
8618,1461000,Caesar,Camilla,CROISSANTS,SEASHELLS,4252.0,7
8629,1461600,Caesar,Paris,CROISSANTS,SEASHELLS,4253.0,5
8645,1463200,Paris,Caesar,CROISSANTS,SEASHELLS,4254.0,7
8661,1463800,Paris,Caesar,CROISSANTS,SEASHELLS,4253.0,6
8687,1465200,Caesar,Paris,CROISSANTS,SEASHELLS,4253.0,7
8688,1465600,Caesar,Paris,CROISSANTS,SEASHELLS,4255.0,5
8707,1466800,Caesar,Camilla,CROISSANTS,SEASHELLS,4255.0,4
8733,1468100,Paris,Caesar,CROISSANTS,SEASHELLS,4255.0,8
8737,1468300,Caesar,Paris,CROISSANTS,SEASHELLS,4254.0,7
8764,1469200,Paris,Caesar,CROISSANTS,SEASHELLS,4255.0,7
8799,1470900,Caesar,Paris,CROISSANTS,SEASHELLS,4258.0,7
8863,1473100,Caesar,Paris,CROISSANTS,SEASHELLS,4260.0,8
8947,1476900,Paris,Caesar,CROISSANTS,SEASHELLS,4258.0,8
8976,1478900,Caesar,Camilla,CROISSANTS,SEASHELLS,4253.0,9
9041,1482000,Paris,Caesar,CROISSANTS,SEASHELLS,4253.0,6
9062,1482600,Caesar,Paris,CROISSANTS,SEASHELLS,4253.0,7
9063,1482700,Caesar,Paris,CROISSANTS,SEASHELLS,4252.0,6
9083,1484100,Caesar,Paris,CROISSANTS,SEASHELLS,4252.0,7
9094,1484400,Caesar,Paris,CROISSANTS,SEASHELLS,4252.0,7
9115,1485100,Caesar,Paris,CROISSANTS,SEASHELLS,4250.0,7
9133,1486100,Paris,Caesar,CROISSANTS,SEASHELLS,4252.0,6
9140,1486400,Caesar,Paris,CROISSANTS,SEASHELLS,4251.0,5
9153,1487200,Paris,Caesar,CROISSANTS,SEASHELLS,4251.0,8
9166,1487800,Paris,Caesar,CROISSANTS,SEASHELLS,4252.0,5
9174,1488200,Caesar,Paris,CROISSANTS,SEASHELLS,4252.0,6
9178,1488400,Caesar,Camilla,CROISSANTS,SEASHELLS,4252.0,4
9218,1490300,Paris,Caesar,CROISSANTS,SEASHELLS,4251.0,6
9222,1490700,Caesar,Paris,CROISSANTS,SEASHELLS,4249.0,8
9237,1491700,Caesar,Paris,CROISSANTS,SEASHELLS,4251.0,5
9250,1492900,Paris,Caesar,CROISSANTS,SEASHELLS,4252.0,5
9254,1493300,Caesar,Paris,CROISSANTS,SEASHELLS,4252.0,6
9292,1494900,Caesar,Camilla,CROISSANTS,SEASHELLS,4251.0,4
9293,1494900,Caesar,Paris,CROISSANTS,SEASHELLS,4251.0,7
9308,1496300,Paris,Caesar,CROISSANTS,SEASHELLS,4252.0,7
9316,1496700,Paris,Caesar,CROISSANTS,SEASHELLS,4253.0,7
9332,1496900,Caesar,Paris,CROISSANTS,SEASHELLS,4252.0,5
9336,1497000,Caesar,Camilla,CROISSANTS,SEASHELLS,4252.0,8
9344,1497300,Caesar,Paris,CROISSANTS,SEASHELLS,4252.0,5
9349,1497700,Caesar,Camilla,CROISSANTS,SEASHELLS,4252.0,6
9351,1497800,Caesar,Camilla,CROISSANTS,SEASHELLS,4252.0,9
9370,1498700,Caesar,Paris,CROISSANTS,SEASHELLS,4250.0,6
9372,1498800,Paris,Caesar,CROISSANTS,SEASHELLS,4250.0,8
9389,1499400,Caesar,Camilla,CROISSANTS,SEASHELLS,4249.0,6
9394,1500100,Caesar,Paris,CROISSANTS,SEASHELLS,4248.0,6
9416,1501400,Caesar,Paris,CROISSANTS,SEASHELLS,4247.0,7
9429,1502200,Caesar,Paris,CROISSANTS,SEASHELLS,4248.0,8
9443,1502600,Paris,Caesar,CROISSANTS,SEASHELLS,4250.0,7
9459,1503200,Caesar,Paris,CROISSANTS,SEASHELLS,4250.0,6
9479,1504000,Paris,Caesar,CROISSANTS,SEASHELLS,4249.0,7
9519,1506800,Caesar,Camilla,CROISSANTS,SEASHELLS,4250.0,6
9523,1507200,Caesar,Camilla,CROISSANTS,SEASHELLS,4249.0,4
9560,1508800,Caesar,Camilla,CROISSANTS,SEASHELLS,4247.0,7
9572,1509500,Caesar,Paris,CROISSANTS,SEASHELLS,4247.0,5
9592,1510200,Paris,Caesar,CROISSANTS,SEASHELLS,4249.0,6
9602,1511000,Caesar,Paris,CROISSANTS,SEASHELLS,4248.0,6
9606,1511400,Paris,Caesar,CROISSANTS,SEASHELLS,4249.0,6
9611,1511700,Paris,Caesar,CROISSANTS,SEASHELLS,4250.0,6
9621,1512100,Paris,Caesar,CROISSANTS,SEASHELLS,4250.0,8
9623,1512300,Caesar,Camilla,CROISSANTS,SEASHELLS,4249.0,10
9626,1512600,Caesar,Paris,CROISSANTS,SEASHELLS,4250.0,8
9634,1512800,Caesar,Paris,CROISSANTS,SEASHELLS,4250.0,7
9644,1513400,Caesar,Paris,CROISSANTS,SEASHELLS,4251.0,7
9648,1513600,Paris,Caesar,CROISSANTS,SEASHELLS,4253.0,8
9693,1515600,Paris,Caesar,CROISSANTS,SEASHELLS,4251.0,5
9711,1517000,Caesar,Paris,CROISSANTS,SEASHELLS,4250.0,5
9737,1518200,Caesar,Paris,CROISSANTS,SEASHELLS,4251.0,7
9762,1519400,Caesar,Camilla,CROISSANTS,SEASHELLS,4251.0,5
9763,1519400,Caesar,Paris,CROISSANTS,SEASHELLS,4251.0,6
9806,1521900,Paris,Caesar,CROISSANTS,SEASHELLS,4253.0,8
9814,1522100,Caesar,Camilla,CROISSANTS,SEASHELLS,4252.0,7
9818,1522500,Caesar,Paris,CROISSANTS,SEASHELLS,4252.0,5
9844,1523400,Paris,Caesar,CROISSANTS,SEASHELLS,4254.0,7
9876,1525200,Paris,Caesar,CROISSANTS,SEASHELLS,4254.0,5
9903,1527200,Paris,Caesar,CROISSANTS,SEASHELLS,4252.0,6
9925,1528600,Caesar,Camilla,CROISSANTS,SEASHELLS,4250.0,6
9980,1532200,Caesar,Paris,CROISSANTS,SEASHELLS,4249.0,8
10000,1533000,Paris,Caesar,CROISSANTS,SEASHELLS,4252.0,7
10005,1533200,Caesar,Camilla,CROISSANTS,SEASHELLS,4252.0,4
10016,1534000,Paris,Caesar,CROISSANTS,SEASHELLS,4253.0,6
10057,1535800,Caesar,Paris,CROISSANTS,SEASHELLS,4250.0,8
10079,1536900,Paris,Caesar,CROISSANTS,SEASHELLS,4251.0,8
10135,1540300,Caesar,Paris,CROISSANTS,SEASHELLS,4249.0,7
10148,1541800,Paris,Caesar,CROISSANTS,SEASHELLS,4250.0,7
10157,1542800,Paris,Caesar,CROISSANTS,SEASHELLS,4251.0,6
10180,1543500,Caesar,Camilla,CROISSANTS,SEASHELLS,4253.0,8
10183,1543700,Caesar,Paris,CROISSANTS,SEASHELLS,4254.0,7
10218,1545600,Paris,Caesar,CROISSANTS,SEASHELLS,4255.0,5
10249,1547000,Paris,Caesar,CROISSANTS,SEASHELLS,4257.0,7
10257,1547500,Paris,Caesar,CROISSANTS,SEASHELLS,4257.0,8
10299,1549100,Caesar,Paris,CROISSANTS,SEASHELLS,4253.0,7
10304,1549400,Paris,Caesar,CROISSANTS,SEASHELLS,4254.0,7
10306,1549600,Caesar,Camilla,CROISSANTS,SEASHELLS,4253.0,6
10334,1550900,Paris,Caesar,CROISSANTS,SEASHELLS,4251.0,6
10335,1551000,Caesar,Paris,CROISSANTS,SEASHELLS,4249.0,7
10340,1551400,Paris,Caesar,CROISSANTS,SEASHELLS,4250.0,5
10363,1553100,Caesar,Paris,CROISSANTS,SEASHELLS,4249.0,6
10376,1554700,Paris,Caesar,CROISSANTS,SEASHELLS,4249.0,5
10391,1555700,Paris,Caesar,CROISSANTS,SEASHELLS,4247.0,5
10392,1555900,Paris,Caesar,CROISSANTS,SEASHELLS,4247.0,7
10403,1556800,Caesar,Paris,CROISSANTS,SEASHELLS,4247.0,8
10431,1558200,Caesar,Paris,CROISSANTS,SEASHELLS,4247.0,8
10433,1558400,Caesar,Camilla,CROISSANTS,SEASHELLS,4247.0,8
10442,1559000,Caesar,Camilla,CROISSANTS,SEASHELLS,4246.0,4
10493,1560700,Caesar,Paris,CROISSANTS,SEASHELLS,4246.0,7
10497,1560900,Caesar,Paris,CROISSANTS,SEASHELLS,4246.0,7
10528,1562900,Caesar,Paris,CROISSANTS,SEASHELLS,4246.0,5
10603,1566600,Paris,Caesar,CROISSANTS,SEASHELLS,4249.0,5
10607,1567100,Caesar,Camilla,CROISSANTS,SEASHELLS,4248.0,5
10612,1567300,Paris,Caesar,CROISSANTS,SEASHELLS,4249.0,5
10619,1567900,Caesar,Paris,CROISSANTS,SEASHELLS,4248.0,5
10625,1568300,Caesar,Camilla,CROISSANTS,SEASHELLS,4249.0,6
10704,1571800,Paris,Caesar,CROISSANTS,SEASHELLS,4249.0,6
10710,1572400,Caesar,Paris,CROISSANTS,SEASHELLS,4248.0,7
10729,1574200,Caesar,Paris,CROISSANTS,SEASHELLS,4250.0,6
10767,1575400,Caesar,Camilla,CROISSANTS,SEASHELLS,4251.0,9
10801,1578000,Paris,Caesar,CROISSANTS,SEASHELLS,4251.0,7
10838,1580100,Caesar,Paris,CROISSANTS,SEASHELLS,4249.0,5
10877,1582200,Paris,Caesar,CROISSANTS,SEASHELLS,4251.0,6
10883,1582700,Paris,Caesar,CROISSANTS,SEASHELLS,4251.0,7
10916,1584000,Paris,Caesar,CROISSANTS,SEASHELLS,4252.0,6
10918,1584100,Paris,Caesar,CROISSANTS,SEASHELLS,4252.0,7
10926,1584700,Paris,Caesar,CROISSANTS,SEASHELLS,4251.0,5
10929,1584900,Paris,Caesar,CROISSANTS,SEASHELLS,4251.0,7
10987,1587900,Paris,Caesar,CROISSANTS,SEASHELLS,4253.0,5
11041,1590700,Paris,Caesar,CROISSANTS,SEASHELLS,4255.0,5
11044,1591100,Caesar,Paris,CROISSANTS,SEASHELLS,4254.0,6
11053,1591800,Caesar,Paris,CROISSANTS,SEASHELLS,4254.0,7
11073,1592800,Caesar,Paris,CROISSANTS,SEASHELLS,4257.0,6
11098,1594000,Caesar,Camilla,CROISSANTS,SEASHELLS,4257.0,9
11119,1594900,Paris,Caesar,CROISSANTS,SEASHELLS,4256.0,8
11129,1596100,Caesar,Camilla,CROISSANTS,SEASHELLS,4254.0,5
11171,1597300,Caesar,Paris,CROISSANTS,SEASHELLS,4254.0,6
11183,1598100,Paris,Caesar,CROISSANTS,SEASHELLS,4255.0,8
11198,1599100,Caesar,Paris,CROISSANTS,SEASHELLS,4254.0,5
11199,1599300,Paris,Caesar,CROISSANTS,SEASHELLS,4255.0,7
11203,1599600,Paris,Caesar,CROISSANTS,SEASHELLS,4255.0,7
11205,1599800,Paris,Caesar,CROISSANTS,SEASHELLS,4255.0,5
11250,1602500,Caesar,Paris,CROISSANTS,SEASHELLS,4255.0,5
11255,1602700,Paris,Caesar,CROISSANTS,SEASHELLS,4256.0,8
11265,1603300,Paris,Caesar,CROISSANTS,SEASHELLS,4256.0,8
11268,1603800,Caesar,Camilla,CROISSANTS,SEASHELLS,4255.0,9
11270,1604200,Caesar,Paris,CROISSANTS,SEASHELLS,4254.0,6
11272,1604400,Paris,Caesar,CROISSANTS,SEASHELLS,4255.0,6
11291,1605400,Caesar,Paris,CROISSANTS,SEASHELLS,4256.0,8
11326,1606300,Caesar,Paris,CROISSANTS,SEASHELLS,4256.0,8
11336,1606900,Caesar,Camilla,CROISSANTS,SEASHELLS,4257.0,7
11353,1607600,Caesar,Camilla,CROISSANTS,SEASHELLS,4258.0,10
11365,1608200,Paris,Caesar,CROISSANTS,SEASHELLS,4259.0,5
11429,1611700,Caesar,Paris,CROISSANTS,SEASHELLS,4265.0,5
11439,1612300,Caesar,Camilla,CROISSANTS,SEASHELLS,4265.0,6
11451,1612700,Paris,Caesar,CROISSANTS,SEASHELLS,4266.0,6
11453,1612800,Caesar,Camilla,CROISSANTS,SEASHELLS,4266.0,5
11455,1612900,Paris,Caesar,CROISSANTS,SEASHELLS,4267.0,6
11473,1613500,Paris,Caesar,CROISSANTS,SEASHELLS,4269.0,5
11485,1614100,Caesar,Paris,CROISSANTS,SEASHELLS,4266.0,8
11522,1615400,Paris,Caesar,CROISSANTS,SEASHELLS,4265.0,6
11543,1616400,Paris,Caesar,CROISSANTS,SEASHELLS,4266.0,6
11546,1616500,Caesar,Camilla,CROISSANTS,SEASHELLS,4266.0,7
11554,1616800,Caesar,Paris,CROISSANTS,SEASHELLS,4267.0,7
11585,1618400,Paris,Caesar,CROISSANTS,SEASHELLS,4267.0,5
11590,1618800,Caesar,Camilla,CROISSANTS,SEASHELLS,4264.0,6
11612,1619900,Paris,Caesar,CROISSANTS,SEASHELLS,4267.0,6
11616,1620100,Caesar,Paris,CROISSANTS,SEASHELLS,4266.0,6
11618,1620200,Caesar,Paris,CROISSANTS,SEASHELLS,4266.0,7
11694,1624600,Paris,Caesar,CROISSANTS,SEASHELLS,4271.0,8
11699,1624900,Caesar,Paris,CROISSANTS,SEASHELLS,4270.0,5
11761,1627400,Caesar,Paris,CROISSANTS,SEASHELLS,4270.0,6
11766,1627900,Paris,Caesar,CROISSANTS,SEASHELLS,4272.0,5
11785,1629100,Caesar,Paris,CROISSANTS,SEASHELLS,4267.0,7
11810,1630000,Paris,Caesar,CROISSANTS,SEASHELLS,4269.0,5
11897,1636300,Paris,Caesar,CROISSANTS,SEASHELLS,4271.0,7
11957,1639100,Paris,Caesar,CROISSANTS,SEASHELLS,4271.0,7
11967,1640000,Paris,Caesar,CROISSANTS,SEASHELLS,4270.0,5
12022,1643100,Paris,Caesar,CROISSANTS,SEASHELLS,4269.0,7
12038,1643900,Paris,Caesar,CROISSANTS,SEASHELLS,4269.0,8
12053,1644700,Caesar,Paris,CROISSANTS,SEASHELLS,4269.0,7
12107,1648300,Caesar,Paris,CROISSANTS,SEASHELLS,4269.0,7
12136,1650700,Paris,Caesar,CROISSANTS,SEASHELLS,4271.0,7
12163,1651300,Paris,Caesar,CROISSANTS,SEASHELLS,4269.0,8
12168,1651800,Caesar,Paris,CROISSANTS,SEASHELLS,4267.0,6
12179,1652700,Caesar,Camilla,CROISSANTS,SEASHELLS,4266.0,5
12181,1652900,Caesar,Paris,CROISSANTS,SEASHELLS,4266.0,6
12221,1655200,Caesar,Paris,CROISSANTS,SEASHELLS,4266.0,7
12236,1656100,Paris,Caesar,CROISSANTS,SEASHELLS,4268.0,5
12253,1657000,Paris,Caesar,CROISSANTS,SEASHELLS,4267.0,6
12281,1659400,Paris,Caesar,CROISSANTS,SEASHELLS,4267.0,6
12287,1660000,Paris,Caesar,CROISSANTS,SEASHELLS,4268.0,5
12289,1660200,Caesar,Camilla,CROISSANTS,SEASHELLS,4266.0,6
12297,1661300,Paris,Caesar,CROISSANTS,SEASHELLS,4267.0,7
12300,1661600,Caesar,Paris,CROISSANTS,SEASHELLS,4265.0,6
12306,1661900,Paris,Caesar,CROISSANTS,SEASHELLS,4266.0,7
12335,1662800,Paris,Caesar,CROISSANTS,SEASHELLS,4265.0,8
12381,1666300,Caesar,Paris,CROISSANTS,SEASHELLS,4264.0,6
12395,1666900,Paris,Caesar,CROISSANTS,SEASHELLS,4265.0,5
12487,1671800,Paris,Caesar,CROISSANTS,SEASHELLS,4274.0,5
12494,1672400,Caesar,Paris,CROISSANTS,SEASHELLS,4273.0,7
12504,1673300,Paris,Caesar,CROISSANTS,SEASHELLS,4275.0,6
12513,1674800,Paris,Caesar,CROISSANTS,SEASHELLS,4277.0,5
12518,1675000,Caesar,Camilla,CROISSANTS,SEASHELLS,4275.0,10
12532,1675800,Caesar,Paris,CROISSANTS,SEASHELLS,4275.0,5
12565,1677300,Paris,Caesar,CROISSANTS,SEASHELLS,4277.0,7
12624,1680000,Caesar,Paris,CROISSANTS,SEASHELLS,4275.0,7
12633,1680700,Paris,Caesar,CROISSANTS,SEASHELLS,4277.0,6
12647,1681200,Paris,Caesar,CROISSANTS,SEASHELLS,4276.0,8
12725,1685200,Caesar,Camilla,CROISSANTS,SEASHELLS,4278.0,9
12745,1687100,Caesar,Paris,CROISSANTS,SEASHELLS,4277.0,6
12753,1687800,Caesar,Paris,CROISSANTS,SEASHELLS,4277.0,6
12778,1688600,Paris,Caesar,CROISSANTS,SEASHELLS,4277.0,6
12857,1694600,Paris,Caesar,CROISSANTS,SEASHELLS,4278.0,6
12875,1695600,Caesar,Paris,CROISSANTS,SEASHELLS,4277.0,8
12881,1696600,Caesar,Paris,CROISSANTS,SEASHELLS,4279.0,5
12884,1696700,Caesar,Paris,CROISSANTS,SEASHELLS,4279.0,5
12902,1697300,Paris,Caesar,CROISSANTS,SEASHELLS,4282.0,5
12907,1698000,Paris,Caesar,CROISSANTS,SEASHELLS,4282.0,8
12908,1698100,Caesar,Camilla,CROISSANTS,SEASHELLS,4281.0,4
12912,1698700,Paris,Caesar,CROISSANTS,SEASHELLS,4284.0,7
12930,1700200,Caesar,Paris,CROISSANTS,SEASHELLS,4284.0,6
12939,1701300,Paris,Caesar,CROISSANTS,SEASHELLS,4282.0,5
12954,1702300,Paris,Caesar,CROISSANTS,SEASHELLS,4283.0,6
12962,1702800,Caesar,Paris,CROISSANTS,SEASHELLS,4280.0,7
12990,1703900,Paris,Caesar,CROISSANTS,SEASHELLS,4283.0,6
12993,1704100,Paris,Caesar,CROISSANTS,SEASHELLS,4283.0,8
12994,1704300,Caesar,Paris,CROISSANTS,SEASHELLS,4281.0,7
13004,1704900,Paris,Caesar,CROISSANTS,SEASHELLS,4284.0,8
13027,1705500,Paris,Caesar,CROISSANTS,SEASHELLS,4285.0,8
13050,1706900,Caesar,Camilla,CROISSANTS,SEASHELLS,4286.0,8
13059,1707100,Paris,Caesar,CROISSANTS,SEASHELLS,4287.0,6
13064,1707600,Caesar,Paris,CROISSANTS,SEASHELLS,4287.0,8
13076,1708200,Caesar,Camilla,CROISSANTS,SEASHELLS,4286.0,6
13093,1709700,Paris,Caesar,CROISSANTS,SEASHELLS,4285.0,6
13096,1709800,Caesar,Camilla,CROISSANTS,SEASHELLS,4284.0,7
13104,1710300,Caesar,Camilla,CROISSANTS,SEASHELLS,4283.0,9
13114,1710900,Caesar,Paris,CROISSANTS,SEASHELLS,4283.0,7
13125,1711600,Paris,Caesar,CROISSANTS,SEASHELLS,4283.0,5
13127,1711700,Caesar,Paris,CROISSANTS,SEASHELLS,4282.0,7
13140,1712800,Caesar,Camilla,CROISSANTS,SEASHELLS,4281.0,6
13145,1713300,Paris,Caesar,CROISSANTS,SEASHELLS,4281.0,6
13181,1715300,Caesar,Paris,CROISSANTS,SEASHELLS,4278.0,7
13196,1716800,Caesar,Camilla,CROISSANTS,SEASHELLS,4278.0,5
13204,1717200,Caesar,Paris,CROISSANTS,SEASHELLS,4278.0,8
13223,1718800,Caesar,Camilla,CROISSANTS,SEASHELLS,4277.0,6
13283,1721300,Caesar,Paris,CROISSANTS,SEASHELLS,4278.0,7
13305,1722400,Paris,Caesar,CROISSANTS,SEASHELLS,4278.0,6
13316,1722700,Caesar,Camilla,CROISSANTS,SEASHELLS,4277.0,7
13327,1723400,Paris,Caesar,CROISSANTS,SEASHELLS,4277.0,8
13337,1724200,Caesar,Paris,CROISSANTS,SEASHELLS,4276.0,5
13340,1724300,Paris,Caesar,CROISSANTS,SEASHELLS,4277.0,8
13372,1725300,Caesar,Paris,CROISSANTS,SEASHELLS,4277.0,5
13383,1725900,Caesar,Paris,CROISSANTS,SEASHELLS,4276.0,5
13388,1726200,Caesar,Camilla,CROISSANTS,SEASHELLS,4276.0,4
13391,1726300,Caesar,Paris,CROISSANTS,SEASHELLS,4276.0,8
13404,1726800,Caesar,Paris,CROISSANTS,SEASHELLS,4276.0,5
13414,1728000,Caesar,Paris,CROISSANTS,SEASHELLS,4274.0,7
13417,1728100,Caesar,Camilla,CROISSANTS,SEASHELLS,4274.0,10
13420,1728400,Paris,Caesar,CROISSANTS,SEASHELLS,4275.0,6
13432,1729400,Paris,Caesar,CROISSANTS,SEASHELLS,4276.0,8
13462,1731400,Paris,Caesar,CROISSANTS,SEASHELLS,4276.0,8
13494,1733800,Caesar,Paris,CROISSANTS,SEASHELLS,4274.0,5
13518,1734800,Caesar,Camilla,CROISSANTS,SEASHELLS,4275.0,6
13524,1735500,Paris,Caesar,CROISSANTS,SEASHELLS,4276.0,6
13606,1741000,Paris,Caesar,CROISSANTS,SEASHELLS,4276.0,5
13626,1741600,Caesar,Paris,CROISSANTS,SEASHELLS,4275.0,7
13637,1742200,Paris,Caesar,CROISSANTS,SEASHELLS,4276.0,6
13658,1743100,Caesar,Paris,CROISSANTS,SEASHELLS,4277.0,6
13714,1746900,Caesar,Paris,CROISSANTS,SEASHELLS,4275.0,7
13729,1748300,Caesar,Camilla,CROISSANTS,SEASHELLS,4274.0,8
13743,1749000,Caesar,Camilla,CROISSANTS,SEASHELLS,4274.0,5
13748,1749100,Caesar,Camilla,CROISSANTS,SEASHELLS,4274.0,4
13760,1749500,Caesar,Camilla,CROISSANTS,SEASHELLS,4274.0,8
13772,1750100,Caesar,Paris,CROISSANTS,SEASHELLS,4275.0,7
13786,1750300,Paris,Caesar,CROISSANTS,SEASHELLS,4275.0,7
13799,1751700,Caesar,Camilla,CROISSANTS,SEASHELLS,4276.0,4
13800,1751700,Paris,Caesar,CROISSANTS,SEASHELLS,4278.0,5
13821,1753500,Paris,Caesar,CROISSANTS,SEASHELLS,4275.0,6
13843,1755000,Caesar,Camilla,CROISSANTS,SEASHELLS,4274.0,9
13879,1757500,Caesar,Camilla,CROISSANTS,SEASHELLS,4274.0,10
13882,1757600,Paris,Caesar,CROISSANTS,SEASHELLS,4275.0,6
13889,1758000,Caesar,Camilla,CROISSANTS,SEASHELLS,4274.0,6
13906,1759000,Paris,Caesar,CROISSANTS,SEASHELLS,4274.0,8
13914,1759400,Caesar,Paris,CROISSANTS,SEASHELLS,4273.0,6
13920,1760200,Paris,Caesar,CROISSANTS,SEASHELLS,4275.0,8
13933,1760900,Caesar,Paris,CROISSANTS,SEASHELLS,4274.0,7
13950,1762500,Paris,Caesar,CROISSANTS,SEASHELLS,4274.0,8
13960,1763300,Caesar,Camilla,CROISSANTS,SEASHELLS,4270.0,4
13970,1763800,Paris,Caesar,CROISSANTS,SEASHELLS,4272.0,5
14003,1765400,Paris,Caesar,CROISSANTS,SEASHELLS,4274.0,7
14046,1768000,Paris,Caesar,CROISSANTS,SEASHELLS,4275.0,5
14108,1771000,Paris,Caesar,CROISSANTS,SEASHELLS,4276.0,8
14121,1771900,Caesar,Camilla,CROISSANTS,SEASHELLS,4274.0,9
14126,1772400,Caesar,Paris,CROISSANTS,SEASHELLS,4274.0,7
14165,1775500,Caesar,Paris,CROISSANTS,SEASHELLS,4274.0,6
14186,1776900,Paris,Caesar,CROISSANTS,SEASHELLS,4277.0,5
14188,1777000,Caesar,Paris,CROISSANTS,SEASHELLS,4276.0,7
14201,1777900,Caesar,Camilla,CROISSANTS,SEASHELLS,4276.0,4
14202,1777900,Caesar,Paris,CROISSANTS,SEASHELLS,4276.0,8
14207,1778100,Paris,Caesar,CROISSANTS,SEASHELLS,4278.0,8
14210,1778300,Caesar,Paris,CROISSANTS,SEASHELLS,4277.0,7
14241,1779800,Caesar,Camilla,CROISSANTS,SEASHELLS,4278.0,6
14261,1781300,Caesar,Camilla,CROISSANTS,SEASHELLS,4278.0,6
14277,1782200,Caesar,Paris,CROISSANTS,SEASHELLS,4276.0,6
14282,1782400,Caesar,Paris,CROISSANTS,SEASHELLS,4276.0,8
14319,1783700,Paris,Caesar,CROISSANTS,SEASHELLS,4279.0,6
14384,1787500,Caesar,Camilla,CROISSANTS,SEASHELLS,4277.0,8
14386,1787900,Caesar,Paris,CROISSANTS,SEASHELLS,4277.0,7
14391,1788300,Paris,Caesar,CROISSANTS,SEASHELLS,4279.0,8
14402,1789400,Caesar,Camilla,CROISSANTS,SEASHELLS,4279.0,10
14403,1789600,Caesar,Camilla,CROISSANTS,SEASHELLS,4279.0,4
14455,1793300,Paris,Caesar,CROISSANTS,SEASHELLS,4283.0,8
14499,1796000,Caesar,Paris,CROISSANTS,SEASHELLS,4279.0,7
14502,1796300,Caesar,Paris,CROISSANTS,SEASHELLS,4278.0,5
14526,1797800,Caesar,Paris,CROISSANTS,SEASHELLS,4277.0,7
14534,1798300,Caesar,Paris,CROISSANTS,SEASHELLS,4276.0,8
14536,1798600,Paris,Caesar,CROISSANTS,SEASHELLS,4278.0,6
14548,1799100,Caesar,Paris,CROISSANTS,SEASHELLS,4277.0,6
14567,1800000,Paris,Caesar,CROISSANTS,SEASHELLS,4278.0,6
14569,1800100,Caesar,Paris,CROISSANTS,SEASHELLS,4277.0,8
14574,1800300,Caesar,Paris,CROISSANTS,SEASHELLS,4277.0,7
14582,1801000,Caesar,Camilla,CROISSANTS,SEASHELLS,4278.0,7
14586,1801100,Paris,Caesar,CROISSANTS,SEASHELLS,4279.0,8
14587,1801200,Caesar,Camilla,CROISSANTS,SEASHELLS,4277.0,6
14599,1802000,Caesar,Paris,CROISSANTS,SEASHELLS,4277.0,5
14602,1802300,Paris,Caesar,CROISSANTS,SEASHELLS,4277.0,5
14616,1803700,Caesar,Camilla,CROISSANTS,SEASHELLS,4276.0,8
14639,1804800,Paris,Caesar,CROISSANTS,SEASHELLS,4276.0,5
14668,1806500,Caesar,Paris,CROISSANTS,SEASHELLS,4277.0,8
14672,1806800,Paris,Caesar,CROISSANTS,SEASHELLS,4278.0,7
14680,1807300,Caesar,Paris,CROISSANTS,SEASHELLS,4277.0,8
14693,1807900,Caesar,Paris,CROISSANTS,SEASHELLS,4276.0,5
14735,1810900,Caesar,Paris,CROISSANTS,SEASHELLS,4275.0,6
14751,1812000,Paris,Caesar,CROISSANTS,SEASHELLS,4275.0,8
14755,1812300,Caesar,Paris,CROISSANTS,SEASHELLS,4273.0,6
14757,1812500,Caesar,Camilla,CROISSANTS,SEASHELLS,4273.0,4
14758,1812500,Caesar,Paris,CROISSANTS,SEASHELLS,4273.0,8
14796,1814900,Caesar,Paris,CROISSANTS,SEASHELLS,4274.0,7
14818,1816300,Paris,Caesar,CROISSANTS,SEASHELLS,4276.0,8
14821,1816600,Caesar,Paris,CROISSANTS,SEASHELLS,4275.0,7
14830,1817300,Caesar,Paris,CROISSANTS,SEASHELLS,4275.0,6
14878,1819400,Caesar,Paris,CROISSANTS,SEASHELLS,4274.0,6
14887,1820100,Caesar,Paris,CROISSANTS,SEASHELLS,4274.0,8
14896,1820400,Caesar,Paris,CROISSANTS,SEASHELLS,4274.0,8
14914,1821200,Caesar,Paris,CROISSANTS,SEASHELLS,4273.0,5
14930,1821600,Caesar,Camilla,CROISSANTS,SEASHELLS,4273.0,7
14932,1821700,Caesar,Paris,CROISSANTS,SEASHELLS,4273.0,7
14950,1822600,Caesar,Paris,CROISSANTS,SEASHELLS,4273.0,6
14957,1823000,Caesar,Paris,CROISSANTS,SEASHELLS,4273.0,6
14968,1823400,Paris,Caesar,CROISSANTS,SEASHELLS,4276.0,6
15024,1827800,Caesar,Paris,CROISSANTS,SEASHELLS,4277.0,5
15072,1830800,Paris,Caesar,CROISSANTS,SEASHELLS,4282.0,6
15101,1833300,Caesar,Paris,CROISSANTS,SEASHELLS,4278.0,8
15113,1833700,Caesar,Paris,CROISSANTS,SEASHELLS,4279.0,5
15119,1833800,Paris,Caesar,CROISSANTS,SEASHELLS,4280.0,6
