,timestamp,buyer,seller,symbol,currency,price,quantity
26,1700,Paris,Caesar,DJEMBES,SEASHELLS,13417.0,3
27,2000,Caesar,Paris,DJEMBES,SEASHELLS,13415.0,2
30,2300,Caesar,Paris,DJEMBES,SEASHELLS,13416.0,2
66,4900,Caesar,Camilla,DJEMBES,SEASHELLS,13421.0,7
86,6100,Caesar,Paris,DJEMBES,SEASHELLS,13419.0,5
98,6900,Paris,Caesar,DJEMBES,SEASHELLS,13417.0,2
141,9800,Paris,Caesar,DJEMBES,SEASHELLS,13418.0,4
150,10300,Caesar,Paris,DJEMBES,SEASHELLS,13416.0,3
165,12100,Paris,Caesar,DJEMBES,SEASHELLS,13421.0,1
208,14700,Paris,Caesar,DJEMBES,SEASHELLS,13422.0,1
232,16200,Caesar,Paris,DJEMBES,SEASHELLS,13421.0,4
243,16700,Caesar,Paris,DJEMBES,SEASHELLS,13425.0,3
269,18800,Paris,Caesar,DJEMBES,SEASHELLS,13424.0,4
291,19600,Paris,Caesar,DJEMBES,SEASHELLS,13426.0,5
299,20000,Paris,Caesar,DJEMBES,SEASHELLS,13439.0,1
318,21100,Paris,Caesar,DJEMBES,SEASHELLS,13444.0,5
333,21700,Caesar,Paris,DJEMBES,SEASHELLS,13447.0,3
337,21800,Caesar,Paris,DJEMBES,SEASHELLS,13446.0,5
343,22100,Caesar,Paris,DJEMBES,SEASHELLS,13449.0,1
365,22900,Caesar,Paris,DJEMBES,SEASHELLS,13451.0,5
367,23200,Caesar,Paris,DJEMBES,SEASHELLS,13449.0,3
369,23600,Caesar,Paris,DJEMBES,SEASHELLS,13447.0,2
384,24300,Caesar,Paris,DJEMBES,SEASHELLS,13447.0,1
387,24400,Caesar,Paris,DJEMBES,SEASHELLS,13448.0,3
391,24900,Paris,Caesar,DJEMBES,SEASHELLS,13449.0,3
396,25500,Caesar,Paris,DJEMBES,SEASHELLS,13443.0,3
397,25600,Caesar,Paris,DJEMBES,SEASHELLS,13443.0,3
437,28000,Paris,Caesar,DJEMBES,SEASHELLS,13438.0,5
461,29700,Caesar,Paris,DJEMBES,SEASHELLS,13435.0,5
483,30900,Paris,Caesar,DJEMBES,SEASHELLS,13438.0,4
485,31000,Paris,Caesar,DJEMBES,SEASHELLS,13438.0,3
487,31200,Caesar,Paris,DJEMBES,SEASHELLS,13435.0,4
495,31600,Paris,Caesar,DJEMBES,SEASHELLS,13437.0,2
496,31700,Paris,Caesar,DJEMBES,SEASHELLS,13436.0,3
513,32300,Caesar,Paris,DJEMBES,SEASHELLS,13432.0,1
517,32500,Caesar,Paris,DJEMBES,SEASHELLS,13432.0,1
529,33200,Caesar,Camilla,DJEMBES,SEASHELLS,13434.0,6
531,33300,Caesar,Paris,DJEMBES,SEASHELLS,13433.0,4
574,36100,Paris,Caesar,DJEMBES,SEASHELLS,13435.0,2
619,39500,Caesar,Paris,DJEMBES,SEASHELLS,13431.0,3
635,41100,Paris,Caesar,DJEMBES,SEASHELLS,13434.0,3
655,42600,Caesar,Paris,DJEMBES,SEASHELLS,13434.0,3
658,42900,Caesar,Paris,DJEMBES,SEASHELLS,13436.0,5
665,43400,Caesar,Paris,DJEMBES,SEASHELLS,13438.0,3
677,44300,Paris,Caesar,DJEMBES,SEASHELLS,13442.0,2
688,45000,Paris,Caesar,DJEMBES,SEASHELLS,13446.0,3
794,50200,Caesar,Paris,DJEMBES,SEASHELLS,13457.0,5
813,50800,Caesar,Paris,DJEMBES,SEASHELLS,13457.0,1
829,52100,Paris,Caesar,DJEMBES,SEASHELLS,13459.0,5
832,52300,Paris,Caesar,DJEMBES,SEASHELLS,13458.0,5
834,52500,Paris,Caesar,DJEMBES,SEASHELLS,13456.0,4
851,53000,Caesar,Paris,DJEMBES,SEASHELLS,13457.0,2
854,53100,Paris,Caesar,DJEMBES,SEASHELLS,13458.0,5
863,53800,Caesar,Paris,DJEMBES,SEASHELLS,13456.0,2
869,54200,Caesar,Paris,DJEMBES,SEASHELLS,13457.0,1
875,54800,Caesar,Paris,DJEMBES,SEASHELLS,13457.0,1
951,58100,Caesar,Paris,DJEMBES,SEASHELLS,13460.0,2
977,59000,Caesar,Paris,DJEMBES,SEASHELLS,13455.0,1
986,59400,Paris,Caesar,DJEMBES,SEASHELLS,13456.0,1
1006,60200,Caesar,Paris,DJEMBES,SEASHELLS,13462.0,4
1011,60700,Caesar,Paris,DJEMBES,SEASHELLS,13462.0,1
1015,61100,Caesar,Paris,DJEMBES,SEASHELLS,13462.0,2
1027,62000,Caesar,Camilla,DJEMBES,SEASHELLS,13457.0,6
1036,62600,Paris,Caesar,DJEMBES,SEASHELLS,13461.0,4
1043,62900,Paris,Caesar,DJEMBES,SEASHELLS,13460.0,5
1044,63000,Caesar,Paris,DJEMBES,SEASHELLS,13461.0,5
1049,63500,Paris,Caesar,DJEMBES,SEASHELLS,13460.0,4
1056,63800,Paris,Caesar,DJEMBES,SEASHELLS,13460.0,4
1061,64100,Caesar,Paris,DJEMBES,SEASHELLS,13458.0,5
1066,64400,Paris,Caesar,DJEMBES,SEASHELLS,13460.0,4
1068,64600,Caesar,Paris,DJEMBES,SEASHELLS,13456.0,5
1088,65400,Caesar,Paris,DJEMBES,SEASHELLS,13454.0,4
1131,67300,Caesar,Paris,DJEMBES,SEASHELLS,13456.0,5
1152,68200,Caesar,Camilla,DJEMBES,SEASHELLS,13454.0,9
1158,68600,Paris,Caesar,DJEMBES,SEASHELLS,13458.0,3
1162,69100,Caesar,Paris,DJEMBES,SEASHELLS,13461.0,2
1181,70300,Paris,Caesar,DJEMBES,SEASHELLS,13473.0,5
1191,71700,Paris,Caesar,DJEMBES,SEASHELLS,13468.0,3
1203,72000,Paris,Caesar,DJEMBES,SEASHELLS,13471.0,1
1217,72600,Paris,Caesar,DJEMBES,SEASHELLS,13473.0,4
1241,73800,Caesar,Paris,DJEMBES,SEASHELLS,13474.0,4
1243,74000,Paris,Caesar,DJEMBES,SEASHELLS,13476.0,4
1252,74400,Caesar,Paris,DJEMBES,SEASHELLS,13477.0,4
1264,74900,Paris,Caesar,DJEMBES,SEASHELLS,13476.0,3
1282,75700,Caesar,Paris,DJEMBES,SEASHELLS,13478.0,4
1330,79100,Paris,Caesar,DJEMBES,SEASHELLS,13483.0,4
1338,79600,Caesar,Paris,DJEMBES,SEASHELLS,13482.0,2
1410,83200,Paris,Caesar,DJEMBES,SEASHELLS,13485.0,1
1414,83800,Caesar,Paris,DJEMBES,SEASHELLS,13486.0,4
1429,84300,Paris,Caesar,DJEMBES,SEASHELLS,13488.0,5
1472,86800,Paris,Caesar,DJEMBES,SEASHELLS,13493.0,1
1477,87000,Caesar,Paris,DJEMBES,SEASHELLS,13489.0,4
1481,87100,Paris,Caesar,DJEMBES,SEASHELLS,13491.0,3
1495,88000,Caesar,Camilla,DJEMBES,SEASHELLS,13494.0,5
1496,88000,Paris,Caesar,DJEMBES,SEASHELLS,13496.0,1
1500,88300,Paris,Caesar,DJEMBES,SEASHELLS,13493.0,1
1520,89400,Caesar,Paris,DJEMBES,SEASHELLS,13490.0,3
1528,89900,Paris,Caesar,DJEMBES,SEASHELLS,13491.0,3
1536,90300,Caesar,Paris,DJEMBES,SEASHELLS,13492.0,2
1545,90700,Caesar,Paris,DJEMBES,SEASHELLS,13488.0,2
1580,91700,Paris,Caesar,DJEMBES,SEASHELLS,13492.0,4
1601,92500,Paris,Caesar,DJEMBES,SEASHELLS,13496.0,1
1618,93600,Paris,Caesar,DJEMBES,SEASHELLS,13496.0,4
1666,97200,Paris,Caesar,DJEMBES,SEASHELLS,13489.0,5
1674,97500,Paris,Caesar,DJEMBES,SEASHELLS,13487.0,2
1681,97800,Caesar,Paris,DJEMBES,SEASHELLS,13485.0,1
1700,99100,Caesar,Paris,DJEMBES,SEASHELLS,13480.0,1
1715,100800,Caesar,Paris,DJEMBES,SEASHELLS,13476.0,2
1724,101200,Paris,Caesar,DJEMBES,SEASHELLS,13474.0,2
1773,103400,Caesar,Paris,DJEMBES,SEASHELLS,13473.0,1
1774,103500,Paris,Caesar,DJEMBES,SEASHELLS,13474.0,5
1798,104500,Paris,Caesar,DJEMBES,SEASHELLS,13474.0,3
1803,104700,Paris,Caesar,DJEMBES,SEASHELLS,13474.0,3
1817,105700,Caesar,Camilla,DJEMBES,SEASHELLS,13469.0,5
1845,107100,Caesar,Paris,DJEMBES,SEASHELLS,13473.0,4
1865,108500,Paris,Caesar,DJEMBES,SEASHELLS,13467.0,1
1871,109000,Caesar,Paris,DJEMBES,SEASHELLS,13464.0,1
1875,109200,Caesar,Paris,DJEMBES,SEASHELLS,13465.0,1
1889,109900,Paris,Caesar,DJEMBES,SEASHELLS,13465.0,2
1936,112500,Paris,Caesar,DJEMBES,SEASHELLS,13469.0,3
1957,114100,Caesar,Paris,DJEMBES,SEASHELLS,13468.0,1
1981,114800,Caesar,Camilla,DJEMBES,SEASHELLS,13471.0,3
1983,114900,Paris,Caesar,DJEMBES,SEASHELLS,13472.0,3
2003,116100,Paris,Caesar,DJEMBES,SEASHELLS,13475.0,1
2008,116400,Caesar,Paris,DJEMBES,SEASHELLS,13476.0,3
2036,117700,Caesar,Paris,DJEMBES,SEASHELLS,13479.0,2
2051,119100,Paris,Caesar,DJEMBES,SEASHELLS,13476.0,3
2054,119200,Paris,Caesar,DJEMBES,SEASHELLS,13476.0,1
2095,122500,Caesar,Paris,DJEMBES,SEASHELLS,13462.0,3
2110,123400,Caesar,Paris,DJEMBES,SEASHELLS,13465.0,4
2136,125600,Paris,Caesar,DJEMBES,SEASHELLS,13463.0,1
2155,126900,Paris,Caesar,DJEMBES,SEASHELLS,13468.0,5
2186,128100,Paris,Caesar,DJEMBES,SEASHELLS,13462.0,2
2207,129200,Caesar,Paris,DJEMBES,SEASHELLS,13460.0,4
2233,130500,Paris,Caesar,DJEMBES,SEASHELLS,13462.0,4
2245,131300,Paris,Caesar,DJEMBES,SEASHELLS,13456.0,2
2247,131500,Caesar,Paris,DJEMBES,SEASHELLS,13457.0,1
2264,132100,Caesar,Paris,DJEMBES,SEASHELLS,13449.0,3
2305,134500,Caesar,Paris,DJEMBES,SEASHELLS,13447.0,4
2309,134800,Paris,Caesar,DJEMBES,SEASHELLS,13447.0,2
2314,135000,Caesar,Paris,DJEMBES,SEASHELLS,13445.0,2
2338,136700,Paris,Caesar,DJEMBES,SEASHELLS,13447.0,5
2359,137500,Paris,Caesar,DJEMBES,SEASHELLS,13433.0,2
2409,140600,Paris,Caesar,DJEMBES,SEASHELLS,13438.0,3
2439,142500,Paris,Caesar,DJEMBES,SEASHELLS,13440.0,3
2443,143100,Paris,Caesar,DJEMBES,SEASHELLS,13442.0,5
2469,144000,Paris,Caesar,DJEMBES,SEASHELLS,13442.0,2
2531,146900,Caesar,Paris,DJEMBES,SEASHELLS,13433.0,1
2535,147100,Caesar,Paris,DJEMBES,SEASHELLS,13434.0,1
2536,147300,Paris,Caesar,DJEMBES,SEASHELLS,13435.0,3
2546,148000,Paris,Caesar,DJEMBES,SEASHELLS,13437.0,2
2550,148300,Paris,Caesar,DJEMBES,SEASHELLS,13437.0,1
2555,148700,Caesar,Paris,DJEMBES,SEASHELLS,13440.0,3
2564,149900,Caesar,Paris,DJEMBES,SEASHELLS,13436.0,3
2576,150900,Paris,Caesar,DJEMBES,SEASHELLS,13437.0,4
2595,152300,Caesar,Paris,DJEMBES,SEASHELLS,13435.0,2
2609,153500,Caesar,Paris,DJEMBES,SEASHELLS,13440.0,3
2613,153800,Caesar,Paris,DJEMBES,SEASHELLS,13442.0,5
2623,154200,Paris,Caesar,DJEMBES,SEASHELLS,13442.0,2
2634,154800,Caesar,Paris,DJEMBES,SEASHELLS,13442.0,4
2679,156400,Paris,Caesar,DJEMBES,SEASHELLS,13437.0,4
2696,157000,Paris,Caesar,DJEMBES,SEASHELLS,13434.0,1
2706,158000,Caesar,Paris,DJEMBES,SEASHELLS,13434.0,5
2713,158300,Paris,Caesar,DJEMBES,SEASHELLS,13439.0,1
2717,158700,Paris,Caesar,DJEMBES,SEASHELLS,13435.0,5
2722,159000,Paris,Caesar,DJEMBES,SEASHELLS,13435.0,3
2734,159900,Paris,Caesar,DJEMBES,SEASHELLS,13430.0,2
2745,160300,Paris,Caesar,DJEMBES,SEASHELLS,13428.0,5
2756,161400,Paris,Caesar,DJEMBES,SEASHELLS,13418.0,5
2759,161600,Caesar,Paris,DJEMBES,SEASHELLS,13415.0,3
2761,161800,Caesar,Paris,DJEMBES,SEASHELLS,13418.0,5
2806,163400,Paris,Caesar,DJEMBES,SEASHELLS,13416.0,5
2807,163500,Paris,Caesar,DJEMBES,SEASHELLS,13416.0,5
2820,164000,Paris,Caesar,DJEMBES,SEASHELLS,13412.0,4
2837,165600,Caesar,Paris,DJEMBES,SEASHELLS,13412.0,4
2853,166600,Caesar,Paris,DJEMBES,SEASHELLS,13407.0,4
2864,167300,Paris,Caesar,DJEMBES,SEASHELLS,13403.0,2
2880,168300,Caesar,Paris,DJEMBES,SEASHELLS,13393.0,5
2888,168600,Caesar,Camilla,DJEMBES,SEASHELLS,13392.0,3
2890,168800,Caesar,Paris,DJEMBES,SEASHELLS,13392.0,2
2893,169000,Caesar,Paris,DJEMBES,SEASHELLS,13391.0,2
2901,169400,Caesar,Paris,DJEMBES,SEASHELLS,13385.0,5
2920,170700,Caesar,Paris,DJEMBES,SEASHELLS,13388.0,2
2925,170900,Paris,Caesar,DJEMBES,SEASHELLS,13389.0,2
2926,171000,Paris,Caesar,DJEMBES,SEASHELLS,13388.0,3
2927,171400,Caesar,Paris,DJEMBES,SEASHELLS,13385.0,4
2975,173300,Caesar,Camilla,DJEMBES,SEASHELLS,13386.0,5
3012,175300,Caesar,Paris,DJEMBES,SEASHELLS,13389.0,1
3017,175500,Paris,Caesar,DJEMBES,SEASHELLS,13392.0,2
3042,177200,Paris,Caesar,DJEMBES,SEASHELLS,13391.0,5
3070,179200,Caesar,Paris,DJEMBES,SEASHELLS,13394.0,5
3142,182500,Caesar,Paris,DJEMBES,SEASHELLS,13393.0,4
3146,182700,Caesar,Camilla,DJEMBES,SEASHELLS,13390.0,4
3153,183200,Paris,Caesar,DJEMBES,SEASHELLS,13391.0,5
3190,184600,Paris,Caesar,DJEMBES,SEASHELLS,13376.0,2
3197,184900,Paris,Caesar,DJEMBES,SEASHELLS,13375.0,3
3222,186700,Paris,Caesar,DJEMBES,SEASHELLS,13380.0,5
3242,188100,Caesar,Paris,DJEMBES,SEASHELLS,13377.0,1
3269,189200,Caesar,Paris,DJEMBES,SEASHELLS,13378.0,5
3302,190800,Caesar,Paris,DJEMBES,SEASHELLS,13375.0,3
3305,191000,Paris,Caesar,DJEMBES,SEASHELLS,13378.0,4
3402,195000,Caesar,Paris,DJEMBES,SEASHELLS,13386.0,4
3438,196700,Caesar,Paris,DJEMBES,SEASHELLS,13381.0,1
3450,197500,Paris,Caesar,DJEMBES,SEASHELLS,13385.0,3
3455,197900,Paris,Caesar,DJEMBES,SEASHELLS,13386.0,5
3470,198700,Caesar,Paris,DJEMBES,SEASHELLS,13386.0,3
3481,200000,Caesar,Paris,DJEMBES,SEASHELLS,13378.0,5
3498,200900,Caesar,Paris,DJEMBES,SEASHELLS,13377.0,2
3538,202400,Paris,Caesar,DJEMBES,SEASHELLS,13375.0,4
3563,203100,Caesar,Paris,DJEMBES,SEASHELLS,13373.0,1
3582,204700,Caesar,Paris,DJEMBES,SEASHELLS,13373.0,3
3588,205300,Caesar,Paris,DJEMBES,SEASHELLS,13374.0,5
3600,205900,Caesar,Paris,DJEMBES,SEASHELLS,13377.0,5
3607,206000,Caesar,Paris,DJEMBES,SEASHELLS,13376.0,1
3642,207600,Paris,Caesar,DJEMBES,SEASHELLS,13375.0,3
3679,209500,Caesar,Paris,DJEMBES,SEASHELLS,13375.0,3
3694,209800,Paris,Caesar,DJEMBES,SEASHELLS,13379.0,2
3717,211300,Caesar,Paris,DJEMBES,SEASHELLS,13375.0,5
3757,212800,Caesar,Camilla,DJEMBES,SEASHELLS,13375.0,10
3782,213300,Paris,Caesar,DJEMBES,SEASHELLS,13376.0,1
3808,214300,Paris,Caesar,DJEMBES,SEASHELLS,13377.0,5
3820,215100,Caesar,Paris,DJEMBES,SEASHELLS,13381.0,5
3851,217500,Caesar,Paris,DJEMBES,SEASHELLS,13384.0,1
3863,217800,Paris,Caesar,DJEMBES,SEASHELLS,13385.0,3
3864,217900,Caesar,Paris,DJEMBES,SEASHELLS,13383.0,2
3867,218000,Paris,Caesar,DJEMBES,SEASHELLS,13385.0,4
3892,218900,Paris,Caesar,DJEMBES,SEASHELLS,13382.0,3
3906,219500,Paris,Caesar,DJEMBES,SEASHELLS,13385.0,3
3943,221300,Paris,Caesar,DJEMBES,SEASHELLS,13382.0,4
3947,221600,Paris,Caesar,DJEMBES,SEASHELLS,13380.0,5
3984,223600,Paris,Caesar,DJEMBES,SEASHELLS,13384.0,5
3988,223700,Caesar,Camilla,DJEMBES,SEASHELLS,13383.0,6
4021,225000,Caesar,Camilla,DJEMBES,SEASHELLS,13388.0,10
4052,226900,Caesar,Paris,DJEMBES,SEASHELLS,13378.0,2
4068,228400,Paris,Caesar,DJEMBES,SEASHELLS,13379.0,4
4081,229000,Paris,Caesar,DJEMBES,SEASHELLS,13379.0,5
4083,229500,Paris,Caesar,DJEMBES,SEASHELLS,13379.0,1
4106,230300,Caesar,Paris,DJEMBES,SEASHELLS,13374.0,5
4110,231100,Paris,Caesar,DJEMBES,SEASHELLS,13371.0,4
4134,231800,Paris,Caesar,DJEMBES,SEASHELLS,13369.0,4
4138,232100,Paris,Caesar,DJEMBES,SEASHELLS,13373.0,3
4172,234600,Caesar,Paris,DJEMBES,SEASHELLS,13364.0,2
4219,237200,Paris,Caesar,DJEMBES,SEASHELLS,13369.0,4
4220,237300,Paris,Caesar,DJEMBES,SEASHELLS,13370.0,4
4244,237900,Paris,Caesar,DJEMBES,SEASHELLS,13369.0,2
4246,238000,Caesar,Paris,DJEMBES,SEASHELLS,13366.0,1
4251,238400,Paris,Caesar,DJEMBES,SEASHELLS,13364.0,1
4252,238600,Caesar,Camilla,DJEMBES,SEASHELLS,13360.0,3
4296,240200,Caesar,Camilla,DJEMBES,SEASHELLS,13360.0,5
4308,240700,Paris,Caesar,DJEMBES,SEASHELLS,13361.0,5
4326,241100,Caesar,Paris,DJEMBES,SEASHELLS,13362.0,5
4337,242000,Caesar,Paris,DJEMBES,SEASHELLS,13362.0,5
4347,242600,Paris,Caesar,DJEMBES,SEASHELLS,13364.0,2
4422,246300,Caesar,Camilla,DJEMBES,SEASHELLS,13362.0,8
4429,246600,Caesar,Paris,DJEMBES,SEASHELLS,13362.0,5
4495,250200,Paris,Caesar,DJEMBES,SEASHELLS,13359.0,1
4571,253800,Paris,Caesar,DJEMBES,SEASHELLS,13357.0,2
4644,258500,Paris,Caesar,DJEMBES,SEASHELLS,13361.0,3
4648,258600,Caesar,Paris,DJEMBES,SEASHELLS,13361.0,2
4686,260500,Paris,Caesar,DJEMBES,SEASHELLS,13357.0,2
4717,262000,Caesar,Paris,DJEMBES,SEASHELLS,13353.0,2
4726,262100,Caesar,Paris,DJEMBES,SEASHELLS,13353.0,2
4794,265800,Paris,Caesar,DJEMBES,SEASHELLS,13351.0,5
4808,266300,Caesar,Paris,DJEMBES,SEASHELLS,13350.0,4
4813,266500,Caesar,Paris,DJEMBES,SEASHELLS,13349.0,1
4823,266900,Caesar,Paris,DJEMBES,SEASHELLS,13350.0,5
4854,267900,Paris,Caesar,DJEMBES,SEASHELLS,13345.0,4
4890,269200,Paris,Caesar,DJEMBES,SEASHELLS,13346.0,5
4898,269700,Caesar,Camilla,DJEMBES,SEASHELLS,13344.0,6
4942,272500,Paris,Caesar,DJEMBES,SEASHELLS,13354.0,5
4986,274500,Caesar,Paris,DJEMBES,SEASHELLS,13355.0,4
4987,274800,Caesar,Paris,DJEMBES,SEASHELLS,13355.0,3
4991,275000,Caesar,Camilla,DJEMBES,SEASHELLS,13355.0,8
5003,275500,Caesar,Paris,DJEMBES,SEASHELLS,13357.0,1
5004,275600,Caesar,Paris,DJEMBES,SEASHELLS,13356.0,2
5016,276400,Paris,Caesar,DJEMBES,SEASHELLS,13353.0,2
5037,277600,Caesar,Camilla,DJEMBES,SEASHELLS,13352.0,10
5054,278500,Paris,Caesar,DJEMBES,SEASHELLS,13353.0,3
5066,278800,Caesar,Paris,DJEMBES,SEASHELLS,13354.0,5
5070,279300,Caesar,Camilla,DJEMBES,SEASHELLS,13355.0,4
5071,279300,Paris,Caesar,DJEMBES,SEASHELLS,13356.0,3
5111,281800,Paris,Caesar,DJEMBES,SEASHELLS,13361.0,2
5123,282900,Paris,Caesar,DJEMBES,SEASHELLS,13355.0,2
5130,283100,Caesar,Paris,DJEMBES,SEASHELLS,13355.0,4
5132,283200,Paris,Caesar,DJEMBES,SEASHELLS,13358.0,5
5140,284000,Caesar,Paris,DJEMBES,SEASHELLS,13356.0,3
5152,284800,Caesar,Paris,DJEMBES,SEASHELLS,13355.0,3
5171,285400,Caesar,Camilla,DJEMBES,SEASHELLS,13357.0,8
5172,285400,Caesar,Paris,DJEMBES,SEASHELLS,13357.0,4
5193,286600,Caesar,Camilla,DJEMBES,SEASHELLS,13353.0,9
5195,286700,Caesar,Paris,DJEMBES,SEASHELLS,13353.0,4
5197,286900,Caesar,Paris,DJEMBES,SEASHELLS,13352.0,2
5198,287100,Paris,Caesar,DJEMBES,SEASHELLS,13353.0,2
5209,287800,Caesar,Camilla,DJEMBES,SEASHELLS,13349.0,11
5219,288600,Paris,Caesar,DJEMBES,SEASHELLS,13349.0,5
5239,290300,Caesar,Paris,DJEMBES,SEASHELLS,13346.0,3
5249,291200,Paris,Caesar,DJEMBES,SEASHELLS,13349.0,1
5268,292000,Paris,Caesar,DJEMBES,SEASHELLS,13348.0,5
5339,295400,Caesar,Paris,DJEMBES,SEASHELLS,13351.0,3
5346,295900,Paris,Caesar,DJEMBES,SEASHELLS,13352.0,2
5353,296400,Paris,Caesar,DJEMBES,SEASHELLS,13353.0,5
5384,297800,Caesar,Paris,DJEMBES,SEASHELLS,13349.0,2
5403,298800,Caesar,Paris,DJEMBES,SEASHELLS,13347.0,4
5440,300400,Paris,Caesar,DJEMBES,SEASHELLS,13347.0,2
5443,301000,Caesar,Camilla,DJEMBES,SEASHELLS,13346.0,10
5447,301100,Caesar,Paris,DJEMBES,SEASHELLS,13346.0,5
5465,301800,Caesar,Paris,DJEMBES,SEASHELLS,13346.0,1
5487,303400,Caesar,Paris,DJEMBES,SEASHELLS,13346.0,1
5495,303700,Caesar,Paris,DJEMBES,SEASHELLS,13346.0,2
5520,305200,Paris,Caesar,DJEMBES,SEASHELLS,13346.0,5
5548,306000,Caesar,Paris,DJEMBES,SEASHELLS,13343.0,5
5574,307300,Caesar,Camilla,DJEMBES,SEASHELLS,13334.0,6
5579,307400,Paris,Caesar,DJEMBES,SEASHELLS,13337.0,2
5582,307600,Paris,Caesar,DJEMBES,SEASHELLS,13339.0,1
5621,309100,Caesar,Camilla,DJEMBES,SEASHELLS,13343.0,4
5622,309100,Paris,Caesar,DJEMBES,SEASHELLS,13344.0,2
5655,310400,Paris,Caesar,DJEMBES,SEASHELLS,13342.0,1
5657,310500,Caesar,Paris,DJEMBES,SEASHELLS,13340.0,1
5670,311500,Paris,Caesar,DJEMBES,SEASHELLS,13345.0,3
5672,311900,Paris,Caesar,DJEMBES,SEASHELLS,13347.0,4
5692,313300,Paris,Caesar,DJEMBES,SEASHELLS,13346.0,4
5698,314300,Paris,Caesar,DJEMBES,SEASHELLS,13346.0,1
5726,315300,Caesar,Paris,DJEMBES,SEASHELLS,13344.0,2
5732,315400,Caesar,Camilla,DJEMBES,SEASHELLS,13344.0,6
5738,315600,Paris,Caesar,DJEMBES,SEASHELLS,13346.0,1
5746,315800,Caesar,Paris,DJEMBES,SEASHELLS,13347.0,2
5750,316300,Paris,Caesar,DJEMBES,SEASHELLS,13348.0,1
5763,316800,Caesar,Paris,DJEMBES,SEASHELLS,13347.0,5
5819,318200,Paris,Caesar,DJEMBES,SEASHELLS,13350.0,3
5825,319000,Caesar,Paris,DJEMBES,SEASHELLS,13349.0,5
5826,319300,Paris,Caesar,DJEMBES,SEASHELLS,13350.0,3
5834,319800,Caesar,Paris,DJEMBES,SEASHELLS,13348.0,3
5841,320200,Paris,Caesar,DJEMBES,SEASHELLS,13350.0,4
5881,321200,Paris,Caesar,DJEMBES,SEASHELLS,13350.0,3
5921,323000,Caesar,Paris,DJEMBES,SEASHELLS,13350.0,1
5925,323500,Paris,Caesar,DJEMBES,SEASHELLS,13351.0,3
5929,323800,Caesar,Paris,DJEMBES,SEASHELLS,13350.0,2
5944,324300,Caesar,Paris,DJEMBES,SEASHELLS,13349.0,2
5950,325200,Paris,Caesar,DJEMBES,SEASHELLS,13349.0,4
5966,326300,Paris,Caesar,DJEMBES,SEASHELLS,13347.0,3
5995,327700,Caesar,Paris,DJEMBES,SEASHELLS,13348.0,1
6118,333600,Caesar,Paris,DJEMBES,SEASHELLS,13338.0,2
6148,335100,Caesar,Paris,DJEMBES,SEASHELLS,13341.0,4
6168,335900,Paris,Caesar,DJEMBES,SEASHELLS,13342.0,2
6188,337300,Paris,Caesar,DJEMBES,SEASHELLS,13339.0,4
6197,337800,Paris,Caesar,DJEMBES,SEASHELLS,13335.0,1
6198,337900,Caesar,Camilla,DJEMBES,SEASHELLS,13335.0,11
6227,340100,Paris,Caesar,DJEMBES,SEASHELLS,13339.0,4
6266,342600,Caesar,Paris,DJEMBES,SEASHELLS,13335.0,4
6274,343200,Caesar,Paris,DJEMBES,SEASHELLS,13336.0,2
6290,343700,Caesar,Camilla,DJEMBES,SEASHELLS,13335.0,5
6301,344400,Caesar,Paris,DJEMBES,SEASHELLS,13335.0,5
6309,345000,Caesar,Camilla,DJEMBES,SEASHELLS,13335.0,11
6313,345300,Paris,Caesar,DJEMBES,SEASHELLS,13335.0,4
6386,349100,Caesar,Paris,DJEMBES,SEASHELLS,13337.0,5
6406,349800,Caesar,Camilla,DJEMBES,SEASHELLS,13339.0,4
6431,350400,Paris,Caesar,DJEMBES,SEASHELLS,13346.0,2
6444,351100,Caesar,Paris,DJEMBES,SEASHELLS,13350.0,3
6455,351700,Caesar,Paris,DJEMBES,SEASHELLS,13352.0,5
6469,352400,Caesar,Camilla,DJEMBES,SEASHELLS,13353.0,3
6490,353800,Caesar,Paris,DJEMBES,SEASHELLS,13355.0,4
6613,357600,Caesar,Paris,DJEMBES,SEASHELLS,13345.0,3
6619,358200,Paris,Caesar,DJEMBES,SEASHELLS,13347.0,5
6622,358300,Caesar,Camilla,DJEMBES,SEASHELLS,13345.0,5
6632,358600,Paris,Caesar,DJEMBES,SEASHELLS,13347.0,5
6658,359300,Paris,Caesar,DJEMBES,SEASHELLS,13352.0,2
6694,361700,Caesar,Paris,DJEMBES,SEASHELLS,13354.0,1
6742,363200,Caesar,Paris,DJEMBES,SEASHELLS,13359.0,3
6760,364000,Caesar,Paris,DJEMBES,SEASHELLS,13363.0,3
6776,364300,Paris,Caesar,DJEMBES,SEASHELLS,13364.0,2
6793,365100,Caesar,Paris,DJEMBES,SEASHELLS,13357.0,4
6801,365600,Caesar,Paris,DJEMBES,SEASHELLS,13358.0,5
6806,366000,Paris,Caesar,DJEMBES,SEASHELLS,13357.0,3
6807,366100,Paris,Caesar,DJEMBES,SEASHELLS,13356.0,1
6819,366400,Caesar,Paris,DJEMBES,SEASHELLS,13356.0,1
6822,366600,Paris,Caesar,DJEMBES,SEASHELLS,13357.0,4
6827,366900,Caesar,Camilla,DJEMBES,SEASHELLS,13353.0,10
6832,367100,Paris,Caesar,DJEMBES,SEASHELLS,13354.0,1
6872,368800,Caesar,Paris,DJEMBES,SEASHELLS,13353.0,2
6878,369100,Caesar,Paris,DJEMBES,SEASHELLS,13353.0,4
6883,369400,Paris,Caesar,DJEMBES,SEASHELLS,13359.0,2
6891,370200,Caesar,Paris,DJEMBES,SEASHELLS,13355.0,5
6895,370400,Caesar,Paris,DJEMBES,SEASHELLS,13355.0,3
6955,373100,Caesar,Paris,DJEMBES,SEASHELLS,13347.0,3
6959,373300,Caesar,Paris,DJEMBES,SEASHELLS,13348.0,2
6996,375200,Paris,Caesar,DJEMBES,SEASHELLS,13352.0,3
6997,375400,Paris,Caesar,DJEMBES,SEASHELLS,13351.0,5
7014,376200,Caesar,Paris,DJEMBES,SEASHELLS,13348.0,5
7058,378700,Caesar,Paris,DJEMBES,SEASHELLS,13356.0,4
7060,378900,Paris,Caesar,DJEMBES,SEASHELLS,13358.0,5
7064,379100,Caesar,Paris,DJEMBES,SEASHELLS,13356.0,1
7087,380300,Paris,Caesar,DJEMBES,SEASHELLS,13365.0,4
7108,381900,Paris,Caesar,DJEMBES,SEASHELLS,13368.0,5
7124,382800,Caesar,Paris,DJEMBES,SEASHELLS,13364.0,2
7138,383200,Caesar,Paris,DJEMBES,SEASHELLS,13365.0,5
7151,383800,Caesar,Paris,DJEMBES,SEASHELLS,13364.0,2
7203,386000,Paris,Caesar,DJEMBES,SEASHELLS,13369.0,3
7385,395000,Paris,Caesar,DJEMBES,SEASHELLS,13372.0,5
7409,396600,Paris,Caesar,DJEMBES,SEASHELLS,13377.0,2
7426,397800,Caesar,Paris,DJEMBES,SEASHELLS,13374.0,3
7429,397900,Paris,Caesar,DJEMBES,SEASHELLS,13377.0,3
7456,399600,Caesar,Camilla,DJEMBES,SEASHELLS,13375.0,10
7471,400300,Paris,Caesar,DJEMBES,SEASHELLS,13377.0,3
7472,400400,Paris,Caesar,DJEMBES,SEASHELLS,13377.0,2
7507,401900,Caesar,Paris,DJEMBES,SEASHELLS,13372.0,1
7548,403700,Caesar,Paris,DJEMBES,SEASHELLS,13375.0,5
7572,404600,Caesar,Paris,DJEMBES,SEASHELLS,13380.0,4
7594,405800,Caesar,Paris,DJEMBES,SEASHELLS,13388.0,3
7605,406700,Caesar,Paris,DJEMBES,SEASHELLS,13394.0,5
7616,407300,Caesar,Paris,DJEMBES,SEASHELLS,13392.0,3
7635,408600,Paris,Caesar,DJEMBES,SEASHELLS,13391.0,4
7637,408800,Paris,Caesar,DJEMBES,SEASHELLS,13393.0,5
7676,410900,Paris,Caesar,DJEMBES,SEASHELLS,13397.0,5
7714,412900,Caesar,Paris,DJEMBES,SEASHELLS,13381.0,2
7749,414500,Paris,Caesar,DJEMBES,SEASHELLS,13391.0,1
7797,417500,Paris,Caesar,DJEMBES,SEASHELLS,13385.0,5
7843,420100,Paris,Caesar,DJEMBES,SEASHELLS,13373.0,3
7845,420400,Caesar,Camilla,DJEMBES,SEASHELLS,13369.0,5
7859,421300,Caesar,Paris,DJEMBES,SEASHELLS,13370.0,5
7883,422600,Paris,Caesar,DJEMBES,SEASHELLS,13371.0,2
7896,423300,Paris,Caesar,DJEMBES,SEASHELLS,13370.0,1
7904,424100,Paris,Caesar,DJEMBES,SEASHELLS,13374.0,4
7910,424700,Caesar,Paris,DJEMBES,SEASHELLS,13369.0,5
7932,425900,Paris,Caesar,DJEMBES,SEASHELLS,13369.0,5
7941,426400,Caesar,Paris,DJEMBES,SEASHELLS,13364.0,2
7976,427400,Caesar,Paris,DJEMBES,SEASHELLS,13364.0,5
7981,427700,Caesar,Paris,DJEMBES,SEASHELLS,13365.0,2
7991,427900,Caesar,Paris,DJEMBES,SEASHELLS,13366.0,4
8007,429000,Paris,Caesar,DJEMBES,SEASHELLS,13366.0,1
8018,429600,Caesar,Paris,DJEMBES,SEASHELLS,13364.0,1
8037,431200,Paris,Caesar,DJEMBES,SEASHELLS,13363.0,5
8038,431300,Paris,Caesar,DJEMBES,SEASHELLS,13361.0,3
8044,431800,Paris,Caesar,DJEMBES,SEASHELLS,13361.0,4
8056,432700,Caesar,Paris,DJEMBES,SEASHELLS,13360.0,3
8069,433200,Caesar,Paris,DJEMBES,SEASHELLS,13358.0,2
8075,434000,Paris,Caesar,DJEMBES,SEASHELLS,13358.0,4
8084,434300,Paris,Caesar,DJEMBES,SEASHELLS,13357.0,3
8087,434600,Caesar,Paris,DJEMBES,SEASHELLS,13356.0,3
8095,435100,Paris,Caesar,DJEMBES,SEASHELLS,13357.0,4
8101,435500,Paris,Caesar,DJEMBES,SEASHELLS,13357.0,1
8121,435900,Caesar,Paris,DJEMBES,SEASHELLS,13355.0,2
8124,436000,Paris,Caesar,DJEMBES,SEASHELLS,13357.0,4
8151,436900,Caesar,Paris,DJEMBES,SEASHELLS,13351.0,2
8167,438100,Caesar,Paris,DJEMBES,SEASHELLS,13354.0,5
8185,439100,Caesar,Paris,DJEMBES,SEASHELLS,13351.0,2
8199,439800,Caesar,Paris,DJEMBES,SEASHELLS,13351.0,1
8201,440100,Paris,Caesar,DJEMBES,SEASHELLS,13353.0,2
8223,441600,Paris,Caesar,DJEMBES,SEASHELLS,13349.0,3
8285,444000,Caesar,Camilla,DJEMBES,SEASHELLS,13345.0,8
8324,445300,Caesar,Paris,DJEMBES,SEASHELLS,13350.0,2
8348,447000,Caesar,Paris,DJEMBES,SEASHELLS,13350.0,2
8365,448000,Caesar,Paris,DJEMBES,SEASHELLS,13347.0,4
8377,448700,Paris,Caesar,DJEMBES,SEASHELLS,13347.0,2
8405,449800,Caesar,Camilla,DJEMBES,SEASHELLS,13346.0,9
8417,450300,Caesar,Camilla,DJEMBES,SEASHELLS,13345.0,6
8433,450800,Paris,Caesar,DJEMBES,SEASHELLS,13345.0,2
8457,452000,Paris,Caesar,DJEMBES,SEASHELLS,13345.0,3
8476,453700,Paris,Caesar,DJEMBES,SEASHELLS,13349.0,1
8496,454700,Caesar,Paris,DJEMBES,SEASHELLS,13350.0,3
8500,455200,Paris,Caesar,DJEMBES,SEASHELLS,13349.0,2
8505,455700,Paris,Caesar,DJEMBES,SEASHELLS,13349.0,5
8509,456200,Paris,Caesar,DJEMBES,SEASHELLS,13347.0,1
8533,457000,Caesar,Paris,DJEMBES,SEASHELLS,13348.0,1
8575,458700,Caesar,Paris,DJEMBES,SEASHELLS,13350.0,2
8588,459200,Caesar,Paris,DJEMBES,SEASHELLS,13349.0,2
8601,460100,Paris,Caesar,DJEMBES,SEASHELLS,13355.0,1
8609,460800,Paris,Caesar,DJEMBES,SEASHELLS,13351.0,3
8644,462700,Paris,Caesar,DJEMBES,SEASHELLS,13344.0,3
8660,463700,Caesar,Paris,DJEMBES,SEASHELLS,13344.0,1
8668,463800,Paris,Caesar,DJEMBES,SEASHELLS,13345.0,2
8671,464000,Caesar,Paris,DJEMBES,SEASHELLS,13344.0,1
8674,464100,Caesar,Paris,DJEMBES,SEASHELLS,13343.0,2
8693,465600,Caesar,Paris,DJEMBES,SEASHELLS,13343.0,5
8705,466400,Paris,Caesar,DJEMBES,SEASHELLS,13343.0,1
8710,466800,Caesar,Paris,DJEMBES,SEASHELLS,13343.0,4
8721,467200,Paris,Caesar,DJEMBES,SEASHELLS,13343.0,2
8725,467400,Paris,Caesar,DJEMBES,SEASHELLS,13343.0,4
8737,467700,Caesar,Paris,DJEMBES,SEASHELLS,13342.0,4
8764,468700,Caesar,Camilla,DJEMBES,SEASHELLS,13339.0,10
8775,469500,Caesar,Paris,DJEMBES,SEASHELLS,13344.0,4
8842,472300,Caesar,Paris,DJEMBES,SEASHELLS,13337.0,5
8865,473300,Paris,Caesar,DJEMBES,SEASHELLS,13329.0,3
8900,475100,Caesar,Paris,DJEMBES,SEASHELLS,13325.0,5
8916,475600,Caesar,Paris,DJEMBES,SEASHELLS,13324.0,3
8934,476900,Caesar,Paris,DJEMBES,SEASHELLS,13323.0,4
8941,477100,Caesar,Paris,DJEMBES,SEASHELLS,13323.0,5
8953,477400,Caesar,Camilla,DJEMBES,SEASHELLS,13322.0,9
8957,477600,Caesar,Paris,DJEMBES,SEASHELLS,13320.0,1
8990,478900,Caesar,Paris,DJEMBES,SEASHELLS,13323.0,2
9009,479500,Caesar,Paris,DJEMBES,SEASHELLS,13322.0,1
9047,481700,Caesar,Paris,DJEMBES,SEASHELLS,13316.0,2
9081,483300,Caesar,Paris,DJEMBES,SEASHELLS,13306.0,1
9083,483500,Caesar,Paris,DJEMBES,SEASHELLS,13307.0,3
9090,484000,Caesar,Paris,DJEMBES,SEASHELLS,13308.0,2
9129,486100,Paris,Caesar,DJEMBES,SEASHELLS,13311.0,3
9137,486300,Paris,Caesar,DJEMBES,SEASHELLS,13310.0,5
9150,487100,Paris,Caesar,DJEMBES,SEASHELLS,13308.0,2
9151,487400,Caesar,Paris,DJEMBES,SEASHELLS,13309.0,5
9153,487500,Caesar,Camilla,DJEMBES,SEASHELLS,13310.0,5
9154,487500,Paris,Caesar,DJEMBES,SEASHELLS,13311.0,4
9193,490500,Paris,Caesar,DJEMBES,SEASHELLS,13308.0,4
9206,491400,Caesar,Paris,DJEMBES,SEASHELLS,13309.0,5
9248,493300,Paris,Caesar,DJEMBES,SEASHELLS,13311.0,4
9249,493400,Paris,Caesar,DJEMBES,SEASHELLS,13312.0,2
9284,495000,Paris,Caesar,DJEMBES,SEASHELLS,13306.0,1
9292,495400,Paris,Caesar,DJEMBES,SEASHELLS,13309.0,2
9318,496300,Paris,Caesar,DJEMBES,SEASHELLS,13306.0,3
9322,496500,Caesar,Camilla,DJEMBES,SEASHELLS,13304.0,4
9328,496800,Paris,Caesar,DJEMBES,SEASHELLS,13308.0,4
9347,497700,Caesar,Camilla,DJEMBES,SEASHELLS,13306.0,11
9377,499000,Caesar,Camilla,DJEMBES,SEASHELLS,13310.0,9
9404,500800,Caesar,Paris,DJEMBES,SEASHELLS,13302.0,2
9427,502300,Paris,Caesar,DJEMBES,SEASHELLS,13303.0,2
9459,503100,Paris,Caesar,DJEMBES,SEASHELLS,13303.0,1
9468,504000,Paris,Caesar,DJEMBES,SEASHELLS,13302.0,2
9489,504900,Paris,Caesar,DJEMBES,SEASHELLS,13302.0,4
9493,505500,Caesar,Paris,DJEMBES,SEASHELLS,13300.0,3
9500,505600,Caesar,Paris,DJEMBES,SEASHELLS,13300.0,4
9525,506700,Paris,Caesar,DJEMBES,SEASHELLS,13303.0,3
9536,508100,Caesar,Camilla,DJEMBES,SEASHELLS,13297.0,3
9559,509300,Paris,Caesar,DJEMBES,SEASHELLS,13296.0,2
9567,509700,Paris,Caesar,DJEMBES,SEASHELLS,13295.0,5
9695,517700,Caesar,Paris,DJEMBES,SEASHELLS,13301.0,1
9699,518100,Caesar,Paris,DJEMBES,SEASHELLS,13298.0,5
9710,518400,Caesar,Camilla,DJEMBES,SEASHELLS,13299.0,3
9711,518400,Caesar,Paris,DJEMBES,SEASHELLS,13299.0,4
9739,520000,Caesar,Paris,DJEMBES,SEASHELLS,13300.0,1
9758,521100,Paris,Caesar,DJEMBES,SEASHELLS,13304.0,3
9775,521900,Paris,Caesar,DJEMBES,SEASHELLS,13307.0,2
9833,525100,Paris,Caesar,DJEMBES,SEASHELLS,13309.0,2
9847,526500,Paris,Caesar,DJEMBES,SEASHELLS,13311.0,3
9850,526700,Paris,Caesar,DJEMBES,SEASHELLS,13310.0,3
9869,527800,Paris,Caesar,DJEMBES,SEASHELLS,13308.0,4
9911,530500,Caesar,Camilla,DJEMBES,SEASHELLS,13305.0,8
9912,530500,Caesar,Paris,DJEMBES,SEASHELLS,13305.0,4
9915,530800,Caesar,Paris,DJEMBES,SEASHELLS,13304.0,5
9958,533800,Paris,Caesar,DJEMBES,SEASHELLS,13305.0,5
9972,535000,Paris,Caesar,DJEMBES,SEASHELLS,13306.0,4
9977,535300,Caesar,Camilla,DJEMBES,SEASHELLS,13305.0,3
9980,535400,Caesar,Paris,DJEMBES,SEASHELLS,13305.0,5
9996,536100,Caesar,Camilla,DJEMBES,SEASHELLS,13305.0,5
10040,537900,Caesar,Paris,DJEMBES,SEASHELLS,13303.0,5
10067,539200,Caesar,Paris,DJEMBES,SEASHELLS,13300.0,3
10071,539500,Paris,Caesar,DJEMBES,SEASHELLS,13301.0,4
10082,540600,Paris,Caesar,DJEMBES,SEASHELLS,13299.0,4
10110,541700,Paris,Caesar,DJEMBES,SEASHELLS,13295.0,1
10117,542400,Caesar,Paris,DJEMBES,SEASHELLS,13295.0,1
10156,544400,Paris,Caesar,DJEMBES,SEASHELLS,13298.0,4
10159,544700,Paris,Caesar,DJEMBES,SEASHELLS,13300.0,1
10160,544900,Caesar,Paris,DJEMBES,SEASHELLS,13299.0,2
10185,546000,Paris,Caesar,DJEMBES,SEASHELLS,13300.0,2
10197,546900,Paris,Caesar,DJEMBES,SEASHELLS,13301.0,2
10251,550900,Caesar,Paris,DJEMBES,SEASHELLS,13296.0,4
10259,551300,Caesar,Paris,DJEMBES,SEASHELLS,13296.0,3
10304,553500,Paris,Caesar,DJEMBES,SEASHELLS,13302.0,1
10367,557100,Caesar,Paris,DJEMBES,SEASHELLS,13301.0,5
10385,558100,Paris,Caesar,DJEMBES,SEASHELLS,13304.0,5
10386,558300,Paris,Caesar,DJEMBES,SEASHELLS,13304.0,2
10392,558600,Caesar,Paris,DJEMBES,SEASHELLS,13303.0,2
10393,558700,Caesar,Paris,DJEMBES,SEASHELLS,13303.0,1
10404,558800,Paris,Caesar,DJEMBES,SEASHELLS,13303.0,5
10405,559100,Caesar,Paris,DJEMBES,SEASHELLS,13301.0,2
10464,564400,Caesar,Paris,DJEMBES,SEASHELLS,13306.0,3
10473,564800,Paris,Caesar,DJEMBES,SEASHELLS,13310.0,5
10490,565500,Caesar,Paris,DJEMBES,SEASHELLS,13309.0,3
10491,565700,Paris,Caesar,DJEMBES,SEASHELLS,13311.0,4
10528,567500,Paris,Caesar,DJEMBES,SEASHELLS,13311.0,3
10543,568400,Caesar,Paris,DJEMBES,SEASHELLS,13311.0,4
10546,568600,Caesar,Paris,DJEMBES,SEASHELLS,13311.0,1
10553,569000,Caesar,Paris,DJEMBES,SEASHELLS,13310.0,5
10557,569100,Caesar,Camilla,DJEMBES,SEASHELLS,13310.0,3
10585,571300,Caesar,Paris,DJEMBES,SEASHELLS,13313.0,1
10595,571900,Caesar,Paris,DJEMBES,SEASHELLS,13312.0,2
10607,573000,Paris,Caesar,DJEMBES,SEASHELLS,13310.0,1
10614,573500,Paris,Caesar,DJEMBES,SEASHELLS,13310.0,1
10628,574500,Paris,Caesar,DJEMBES,SEASHELLS,13312.0,4
10636,575100,Paris,Caesar,DJEMBES,SEASHELLS,13310.0,2
10638,575300,Caesar,Paris,DJEMBES,SEASHELLS,13309.0,1
10652,576300,Paris,Caesar,DJEMBES,SEASHELLS,13310.0,1
10664,576800,Caesar,Paris,DJEMBES,SEASHELLS,13308.0,3
10672,577200,Paris,Caesar,DJEMBES,SEASHELLS,13309.0,5
10686,577400,Paris,Caesar,DJEMBES,SEASHELLS,13309.0,2
10702,578200,Caesar,Paris,DJEMBES,SEASHELLS,13301.0,4
10709,578900,Paris,Caesar,DJEMBES,SEASHELLS,13300.0,2
10712,579100,Caesar,Paris,DJEMBES,SEASHELLS,13300.0,3
10735,580200,Paris,Caesar,DJEMBES,SEASHELLS,13300.0,5
10754,580500,Caesar,Paris,DJEMBES,SEASHELLS,13298.0,1
10756,580900,Paris,Caesar,DJEMBES,SEASHELLS,13296.0,3
10774,582500,Paris,Caesar,DJEMBES,SEASHELLS,13297.0,5
10778,582900,Caesar,Paris,DJEMBES,SEASHELLS,13294.0,1
10805,584800,Paris,Caesar,DJEMBES,SEASHELLS,13301.0,3
10821,585600,Caesar,Camilla,DJEMBES,SEASHELLS,13300.0,10
10824,585700,Caesar,Camilla,DJEMBES,SEASHELLS,13300.0,4
10838,586000,Caesar,Paris,DJEMBES,SEASHELLS,13301.0,3
10877,588500,Caesar,Paris,DJEMBES,SEASHELLS,13300.0,1
10882,588900,Paris,Caesar,DJEMBES,SEASHELLS,13301.0,1
10909,590000,Caesar,Paris,DJEMBES,SEASHELLS,13301.0,4
10943,591500,Paris,Caesar,DJEMBES,SEASHELLS,13299.0,3
10959,592600,Paris,Caesar,DJEMBES,SEASHELLS,13298.0,4
10971,592900,Caesar,Paris,DJEMBES,SEASHELLS,13298.0,2
11017,594800,Caesar,Camilla,DJEMBES,SEASHELLS,13301.0,3
11029,595600,Paris,Caesar,DJEMBES,SEASHELLS,13302.0,3
11059,598300,Paris,Caesar,DJEMBES,SEASHELLS,13305.0,4
11062,598800,Caesar,Paris,DJEMBES,SEASHELLS,13300.0,4
11073,599400,Paris,Caesar,DJEMBES,SEASHELLS,13301.0,1
11085,600400,Paris,Caesar,DJEMBES,SEASHELLS,13301.0,1
11112,602100,Caesar,Camilla,DJEMBES,SEASHELLS,13300.0,4
11113,602200,Paris,Caesar,DJEMBES,SEASHELLS,13301.0,4
11130,602600,Paris,Caesar,DJEMBES,SEASHELLS,13301.0,3
11144,603200,Caesar,Paris,DJEMBES,SEASHELLS,13297.0,4
11175,604900,Caesar,Paris,DJEMBES,SEASHELLS,13299.0,3
11182,605100,Caesar,Paris,DJEMBES,SEASHELLS,13300.0,1
11199,605800,Caesar,Paris,DJEMBES,SEASHELLS,13300.0,1
11202,605900,Caesar,Paris,DJEMBES,SEASHELLS,13300.0,4
11216,606700,Paris,Caesar,DJEMBES,SEASHELLS,13300.0,3
11254,608700,Caesar,Paris,DJEMBES,SEASHELLS,13297.0,5
11265,609500,Paris,Caesar,DJEMBES,SEASHELLS,13296.0,1
11280,610200,Caesar,Paris,DJEMBES,SEASHELLS,13293.0,5
11287,610500,Paris,Caesar,DJEMBES,SEASHELLS,13296.0,1
11302,612000,Paris,Caesar,DJEMBES,SEASHELLS,13299.0,4
11338,614100,Paris,Caesar,DJEMBES,SEASHELLS,13298.0,3
11347,614600,Caesar,Camilla,DJEMBES,SEASHELLS,13297.0,4
11364,615300,Caesar,Paris,DJEMBES,SEASHELLS,13296.0,4
11382,616400,Caesar,Camilla,DJEMBES,SEASHELLS,13298.0,5
11397,617400,Caesar,Paris,DJEMBES,SEASHELLS,13296.0,3
11411,617900,Caesar,Paris,DJEMBES,SEASHELLS,13292.0,1
11417,618400,Caesar,Paris,DJEMBES,SEASHELLS,13289.0,5
11463,620600,Caesar,Paris,DJEMBES,SEASHELLS,13280.0,4
11495,622200,Paris,Caesar,DJEMBES,SEASHELLS,13279.0,2
11510,623000,Caesar,Paris,DJEMBES,SEASHELLS,13275.0,3
11514,623100,Caesar,Paris,DJEMBES,SEASHELLS,13274.0,5
11517,623300,Caesar,Paris,DJEMBES,SEASHELLS,13275.0,1
11537,624200,Caesar,Camilla,DJEMBES,SEASHELLS,13266.0,8
11568,625500,Paris,Caesar,DJEMBES,SEASHELLS,13267.0,3
11602,627700,Caesar,Camilla,DJEMBES,SEASHELLS,13275.0,7
11615,628700,Paris,Caesar,DJEMBES,SEASHELLS,13279.0,2
11618,629000,Caesar,Paris,DJEMBES,SEASHELLS,13280.0,2
11633,629400,Paris,Caesar,DJEMBES,SEASHELLS,13281.0,2
11638,629600,Paris,Caesar,DJEMBES,SEASHELLS,13282.0,2
11659,631300,Caesar,Camilla,DJEMBES,SEASHELLS,13284.0,8
11661,631500,Caesar,Paris,DJEMBES,SEASHELLS,13284.0,1
11664,632100,Caesar,Paris,DJEMBES,SEASHELLS,13285.0,5
11745,636900,Paris,Caesar,DJEMBES,SEASHELLS,13301.0,2
11748,637000,Caesar,Paris,DJEMBES,SEASHELLS,13300.0,3
11767,637800,Paris,Caesar,DJEMBES,SEASHELLS,13301.0,2
11771,638000,Caesar,Paris,DJEMBES,SEASHELLS,13299.0,1
11791,639300,Caesar,Paris,DJEMBES,SEASHELLS,13299.0,5
11826,641700,Caesar,Camilla,DJEMBES,SEASHELLS,13299.0,4
11827,641700,Paris,Caesar,DJEMBES,SEASHELLS,13300.0,3
11828,641800,Caesar,Camilla,DJEMBES,SEASHELLS,13300.0,7
11832,642300,Paris,Caesar,DJEMBES,SEASHELLS,13300.0,2
11871,644400,Caesar,Paris,DJEMBES,SEASHELLS,13298.0,1
11884,645300,Paris,Caesar,DJEMBES,SEASHELLS,13302.0,4
11901,646200,Paris,Caesar,DJEMBES,SEASHELLS,13303.0,1
11911,647100,Caesar,Paris,DJEMBES,SEASHELLS,13299.0,5
11927,648000,Paris,Caesar,DJEMBES,SEASHELLS,13303.0,1
11934,648300,Caesar,Camilla,DJEMBES,SEASHELLS,13302.0,4
11942,648900,Paris,Caesar,DJEMBES,SEASHELLS,13298.0,2
12007,653100,Caesar,Paris,DJEMBES,SEASHELLS,13292.0,4
12012,653400,Caesar,Paris,DJEMBES,SEASHELLS,13291.0,5
12016,653700,Paris,Caesar,DJEMBES,SEASHELLS,13292.0,5
12056,656000,Paris,Caesar,DJEMBES,SEASHELLS,13292.0,3
12066,656400,Caesar,Paris,DJEMBES,SEASHELLS,13291.0,5
12086,657000,Caesar,Paris,DJEMBES,SEASHELLS,13288.0,3
12151,661000,Caesar,Paris,DJEMBES,SEASHELLS,13283.0,4
12168,661800,Caesar,Camilla,DJEMBES,SEASHELLS,13283.0,9
12185,663000,Caesar,Paris,DJEMBES,SEASHELLS,13284.0,2
12189,663400,Caesar,Paris,DJEMBES,SEASHELLS,13285.0,3
12192,663600,Paris,Caesar,DJEMBES,SEASHELLS,13287.0,1
12196,663900,Caesar,Paris,DJEMBES,SEASHELLS,13286.0,2
12220,665400,Caesar,Paris,DJEMBES,SEASHELLS,13282.0,3
12224,665700,Paris,Caesar,DJEMBES,SEASHELLS,13281.0,2
12245,666500,Paris,Caesar,DJEMBES,SEASHELLS,13285.0,3
12277,667100,Paris,Caesar,DJEMBES,SEASHELLS,13285.0,1
12289,667200,Caesar,Paris,DJEMBES,SEASHELLS,13285.0,4
12306,667700,Caesar,Camilla,DJEMBES,SEASHELLS,13289.0,7
12311,668100,Caesar,Paris,DJEMBES,SEASHELLS,13288.0,4
12326,669300,Caesar,Camilla,DJEMBES,SEASHELLS,13288.0,7
12327,669300,Paris,Caesar,DJEMBES,SEASHELLS,13289.0,3
12329,669400,Paris,Caesar,DJEMBES,SEASHELLS,13290.0,5
12354,672100,Paris,Caesar,DJEMBES,SEASHELLS,13288.0,4
12379,673400,Caesar,Paris,DJEMBES,SEASHELLS,13291.0,1
12380,673600,Caesar,Paris,DJEMBES,SEASHELLS,13293.0,2
12388,674500,Caesar,Paris,DJEMBES,SEASHELLS,13292.0,5
12396,675000,Caesar,Paris,DJEMBES,SEASHELLS,13294.0,1
12407,675600,Caesar,Paris,DJEMBES,SEASHELLS,13294.0,2
12409,675700,Caesar,Camilla,DJEMBES,SEASHELLS,13294.0,7
12424,675900,Caesar,Paris,DJEMBES,SEASHELLS,13295.0,5
12427,676200,Paris,Caesar,DJEMBES,SEASHELLS,13297.0,5
12444,676900,Caesar,Paris,DJEMBES,SEASHELLS,13299.0,2
12454,677600,Paris,Caesar,DJEMBES,SEASHELLS,13300.0,4
12462,677900,Caesar,Paris,DJEMBES,SEASHELLS,13299.0,3
12517,680800,Paris,Caesar,DJEMBES,SEASHELLS,13299.0,3
12576,684200,Caesar,Paris,DJEMBES,SEASHELLS,13305.0,4
12612,686300,Caesar,Camilla,DJEMBES,SEASHELLS,13302.0,3
12623,686600,Caesar,Camilla,DJEMBES,SEASHELLS,13298.0,4
12638,687200,Caesar,Paris,DJEMBES,SEASHELLS,13300.0,2
12651,688600,Caesar,Paris,DJEMBES,SEASHELLS,13301.0,2
12661,689600,Paris,Caesar,DJEMBES,SEASHELLS,13306.0,4
12688,691000,Caesar,Camilla,DJEMBES,SEASHELLS,13299.0,3
12742,692800,Paris,Caesar,DJEMBES,SEASHELLS,13306.0,4
12743,693000,Paris,Caesar,DJEMBES,SEASHELLS,13305.0,3
12745,693100,Caesar,Paris,DJEMBES,SEASHELLS,13304.0,1
12759,693400,Caesar,Paris,DJEMBES,SEASHELLS,13304.0,4
12763,693600,Paris,Caesar,DJEMBES,SEASHELLS,13305.0,5
12828,697400,Caesar,Paris,DJEMBES,SEASHELLS,13293.0,5
12834,697900,Paris,Caesar,DJEMBES,SEASHELLS,13293.0,5
12861,700200,Caesar,Camilla,DJEMBES,SEASHELLS,13288.0,5
12898,701200,Paris,Caesar,DJEMBES,SEASHELLS,13291.0,5
12913,702400,Caesar,Paris,DJEMBES,SEASHELLS,13289.0,2
12949,705000,Paris,Caesar,DJEMBES,SEASHELLS,13283.0,5
12960,705300,Paris,Caesar,DJEMBES,SEASHELLS,13281.0,2
12964,705400,Paris,Caesar,DJEMBES,SEASHELLS,13281.0,2
12969,705500,Paris,Caesar,DJEMBES,SEASHELLS,13280.0,5
12985,706300,Caesar,Paris,DJEMBES,SEASHELLS,13277.0,4
12992,707000,Caesar,Paris,DJEMBES,SEASHELLS,13276.0,4
12998,707100,Caesar,Camilla,DJEMBES,SEASHELLS,13277.0,3
13015,707900,Paris,Caesar,DJEMBES,SEASHELLS,13284.0,4
13035,708800,Caesar,Paris,DJEMBES,SEASHELLS,13283.0,4
13060,710300,Paris,Caesar,DJEMBES,SEASHELLS,13282.0,2
13071,710700,Paris,Caesar,DJEMBES,SEASHELLS,13282.0,1
13093,712700,Paris,Caesar,DJEMBES,SEASHELLS,13279.0,3
13102,713400,Paris,Caesar,DJEMBES,SEASHELLS,13279.0,3
13104,713500,Caesar,Camilla,DJEMBES,SEASHELLS,13277.0,8
13122,715000,Caesar,Paris,DJEMBES,SEASHELLS,13279.0,1
13126,715300,Caesar,Paris,DJEMBES,SEASHELLS,13278.0,1
13161,717000,Caesar,Paris,DJEMBES,SEASHELLS,13278.0,5
13176,717500,Paris,Caesar,DJEMBES,SEASHELLS,13280.0,2
13208,718500,Paris,Caesar,DJEMBES,SEASHELLS,13278.0,3
13239,720500,Caesar,Paris,DJEMBES,SEASHELLS,13276.0,4
13260,721800,Caesar,Camilla,DJEMBES,SEASHELLS,13274.0,3
13262,721900,Paris,Caesar,DJEMBES,SEASHELLS,13275.0,4
13264,722000,Caesar,Paris,DJEMBES,SEASHELLS,13275.0,5
13275,722500,Paris,Caesar,DJEMBES,SEASHELLS,13279.0,3
13288,723200,Paris,Caesar,DJEMBES,SEASHELLS,13281.0,4
13300,723600,Paris,Caesar,DJEMBES,SEASHELLS,13282.0,3
13304,723700,Caesar,Paris,DJEMBES,SEASHELLS,13282.0,5
13305,723800,Paris,Caesar,DJEMBES,SEASHELLS,13284.0,3
13331,725100,Paris,Caesar,DJEMBES,SEASHELLS,13286.0,5
13334,725200,Paris,Caesar,DJEMBES,SEASHELLS,13286.0,4
13378,727600,Paris,Caesar,DJEMBES,SEASHELLS,13281.0,2
13387,728100,Caesar,Paris,DJEMBES,SEASHELLS,13280.0,5
13406,728700,Caesar,Paris,DJEMBES,SEASHELLS,13279.0,1
13420,729600,Caesar,Paris,DJEMBES,SEASHELLS,13281.0,2
13422,729700,Paris,Caesar,DJEMBES,SEASHELLS,13283.0,2
13435,730700,Caesar,Camilla,DJEMBES,SEASHELLS,13284.0,4
13458,731500,Caesar,Paris,DJEMBES,SEASHELLS,13285.0,4
13485,733500,Paris,Caesar,DJEMBES,SEASHELLS,13288.0,5
13491,734000,Caesar,Paris,DJEMBES,SEASHELLS,13286.0,5
13504,734300,Caesar,Paris,DJEMBES,SEASHELLS,13287.0,5
13515,734900,Caesar,Paris,DJEMBES,SEASHELLS,13286.0,1
13518,735100,Caesar,Paris,DJEMBES,SEASHELLS,13284.0,2
13520,735200,Caesar,Paris,DJEMBES,SEASHELLS,13284.0,4
13541,736100,Caesar,Camilla,DJEMBES,SEASHELLS,13283.0,4
13542,736100,Caesar,Paris,DJEMBES,SEASHELLS,13283.0,3
13547,736400,Caesar,Paris,DJEMBES,SEASHELLS,13283.0,1
13595,738600,Paris,Caesar,DJEMBES,SEASHELLS,13284.0,1
13600,739100,Paris,Caesar,DJEMBES,SEASHELLS,13283.0,2
13608,739500,Caesar,Paris,DJEMBES,SEASHELLS,13279.0,3
13634,741300,Caesar,Paris,DJEMBES,SEASHELLS,13278.0,2
13637,741400,Caesar,Camilla,DJEMBES,SEASHELLS,13278.0,5
13727,747000,Paris,Caesar,DJEMBES,SEASHELLS,13277.0,2
13740,747400,Paris,Caesar,DJEMBES,SEASHELLS,13277.0,1
13754,748000,Caesar,Paris,DJEMBES,SEASHELLS,13275.0,4
13789,750100,Paris,Caesar,DJEMBES,SEASHELLS,13276.0,2
13798,750400,Paris,Caesar,DJEMBES,SEASHELLS,13278.0,1
13805,750900,Caesar,Paris,DJEMBES,SEASHELLS,13279.0,3
13849,753500,Caesar,Paris,DJEMBES,SEASHELLS,13279.0,1
13859,754300,Caesar,Paris,DJEMBES,SEASHELLS,13278.0,4
13877,755200,Caesar,Paris,DJEMBES,SEASHELLS,13276.0,4
13878,755300,Paris,Caesar,DJEMBES,SEASHELLS,13278.0,1
13899,756100,Caesar,Paris,DJEMBES,SEASHELLS,13276.0,4
13906,756700,Caesar,Paris,DJEMBES,SEASHELLS,13276.0,3
13922,757600,Caesar,Camilla,DJEMBES,SEASHELLS,13277.0,11
13923,758100,Caesar,Paris,DJEMBES,SEASHELLS,13278.0,5
13932,759400,Caesar,Paris,DJEMBES,SEASHELLS,13277.0,3
13934,759700,Caesar,Paris,DJEMBES,SEASHELLS,13274.0,4
13943,760200,Paris,Caesar,DJEMBES,SEASHELLS,13276.0,1
13952,760800,Paris,Caesar,DJEMBES,SEASHELLS,13273.0,4
13956,761200,Paris,Caesar,DJEMBES,SEASHELLS,13273.0,4
13960,761300,Paris,Caesar,DJEMBES,SEASHELLS,13273.0,5
13992,763300,Paris,Caesar,DJEMBES,SEASHELLS,13280.0,3
13997,763600,Caesar,Paris,DJEMBES,SEASHELLS,13280.0,4
13998,763800,Caesar,Paris,DJEMBES,SEASHELLS,13281.0,2
14020,765000,Caesar,Paris,DJEMBES,SEASHELLS,13278.0,3
14036,766600,Caesar,Camilla,DJEMBES,SEASHELLS,13278.0,11
14075,769000,Caesar,Paris,DJEMBES,SEASHELLS,13278.0,2
14079,769200,Paris,Caesar,DJEMBES,SEASHELLS,13280.0,1
14130,770600,Caesar,Camilla,DJEMBES,SEASHELLS,13277.0,3
14131,770700,Caesar,Paris,DJEMBES,SEASHELLS,13277.0,5
14151,772000,Paris,Caesar,DJEMBES,SEASHELLS,13280.0,3
14157,772400,Paris,Caesar,DJEMBES,SEASHELLS,13280.0,4
14162,772900,Paris,Caesar,DJEMBES,SEASHELLS,13280.0,4
14192,773700,Paris,Caesar,DJEMBES,SEASHELLS,13282.0,1
14208,774400,Paris,Caesar,DJEMBES,SEASHELLS,13282.0,1
14210,774800,Paris,Caesar,DJEMBES,SEASHELLS,13282.0,5
14213,775000,Paris,Caesar,DJEMBES,SEASHELLS,13284.0,2
14220,775300,Paris,Caesar,DJEMBES,SEASHELLS,13284.0,4
14248,777400,Paris,Caesar,DJEMBES,SEASHELLS,13291.0,3
14264,778000,Paris,Caesar,DJEMBES,SEASHELLS,13291.0,3
14266,778200,Caesar,Paris,DJEMBES,SEASHELLS,13290.0,5
14278,779400,Paris,Caesar,DJEMBES,SEASHELLS,13288.0,1
14294,780800,Paris,Caesar,DJEMBES,SEASHELLS,13284.0,3
14336,782200,Caesar,Paris,DJEMBES,SEASHELLS,13280.0,3
14352,783700,Paris,Caesar,DJEMBES,SEASHELLS,13283.0,3
14358,784200,Paris,Caesar,DJEMBES,SEASHELLS,13289.0,3
14421,787600,Paris,Caesar,DJEMBES,SEASHELLS,13295.0,3
14436,788000,Caesar,Paris,DJEMBES,SEASHELLS,13294.0,5
14444,788600,Paris,Caesar,DJEMBES,SEASHELLS,13294.0,1
14467,789900,Paris,Caesar,DJEMBES,SEASHELLS,13292.0,1
14474,790100,Paris,Caesar,DJEMBES,SEASHELLS,13292.0,2
14535,793400,Caesar,Paris,DJEMBES,SEASHELLS,13295.0,3
14558,794200,Paris,Caesar,DJEMBES,SEASHELLS,13298.0,2
14563,794700,Paris,Caesar,DJEMBES,SEASHELLS,13297.0,2
14586,795900,Paris,Caesar,DJEMBES,SEASHELLS,13298.0,4
14604,796800,Caesar,Paris,DJEMBES,SEASHELLS,13300.0,5
14617,797800,Paris,Caesar,DJEMBES,SEASHELLS,13303.0,3
14631,798300,Paris,Caesar,DJEMBES,SEASHELLS,13302.0,2
14695,802000,Caesar,Paris,DJEMBES,SEASHELLS,13302.0,2
14715,803600,Caesar,Paris,DJEMBES,SEASHELLS,13299.0,2
14717,803700,Paris,Caesar,DJEMBES,SEASHELLS,13300.0,1
14746,805400,Caesar,Paris,DJEMBES,SEASHELLS,13296.0,2
14758,806200,Caesar,Paris,DJEMBES,SEASHELLS,13298.0,3
14790,807700,Caesar,Paris,DJEMBES,SEASHELLS,13296.0,2
14804,808700,Caesar,Camilla,DJEMBES,SEASHELLS,13294.0,5
14805,808700,Paris,Caesar,DJEMBES,SEASHELLS,13295.0,5
14823,809700,Caesar,Camilla,DJEMBES,SEASHELLS,13294.0,7
14825,809800,Paris,Caesar,DJEMBES,SEASHELLS,13294.0,1
14830,810100,Paris,Caesar,DJEMBES,SEASHELLS,13294.0,3
14838,810600,Caesar,Paris,DJEMBES,SEASHELLS,13292.0,4
14852,811800,Caesar,Paris,DJEMBES,SEASHELLS,13292.0,4
14856,812400,Caesar,Paris,DJEMBES,SEASHELLS,13294.0,3
14875,813300,Caesar,Camilla,DJEMBES,SEASHELLS,13293.0,4
14882,813600,Paris,Caesar,DJEMBES,SEASHELLS,13293.0,4
14973,818500,Caesar,Camilla,DJEMBES,SEASHELLS,13287.0,10
14974,818600,Paris,Caesar,DJEMBES,SEASHELLS,13288.0,5
15015,820800,Caesar,Paris,DJEMBES,SEASHELLS,13288.0,2
15023,821200,Paris,Caesar,DJEMBES,SEASHELLS,13291.0,4
15028,821500,Paris,Caesar,DJEMBES,SEASHELLS,13291.0,3
15033,821800,Caesar,Paris,DJEMBES,SEASHELLS,13291.0,1
15046,822000,Caesar,Camilla,DJEMBES,SEASHELLS,13291.0,3
15047,822000,Caesar,Paris,DJEMBES,SEASHELLS,13291.0,3
15053,822300,Caesar,Camilla,DJEMBES,SEASHELLS,13290.0,4
15088,823700,Paris,Caesar,DJEMBES,SEASHELLS,13293.0,5
15108,824800,Paris,Caesar,DJEMBES,SEASHELLS,13293.0,4
15139,826900,Caesar,Paris,DJEMBES,SEASHELLS,13293.0,2
15161,828500,Paris,Caesar,DJEMBES,SEASHELLS,13297.0,2
15170,829200,Paris,Caesar,DJEMBES,SEASHELLS,13295.0,2
15204,831200,Caesar,Paris,DJEMBES,SEASHELLS,13294.0,1
15210,831500,Caesar,Camilla,DJEMBES,SEASHELLS,13293.0,10
15245,833500,Paris,Caesar,DJEMBES,SEASHELLS,13293.0,1
15280,835300,Paris,Caesar,DJEMBES,SEASHELLS,13298.0,5
15356,839200,Caesar,Paris,DJEMBES,SEASHELLS,13290.0,3
15397,841400,Caesar,Paris,DJEMBES,SEASHELLS,13287.0,1
15403,842000,Caesar,Paris,DJEMBES,SEASHELLS,13287.0,3
15404,842100,Caesar,Paris,DJEMBES,SEASHELLS,13287.0,5
15417,842800,Caesar,Paris,DJEMBES,SEASHELLS,13287.0,2
15454,844600,Paris,Caesar,DJEMBES,SEASHELLS,13285.0,2
15483,845500,Caesar,Paris,DJEMBES,SEASHELLS,13293.0,2
15511,847100,Caesar,Paris,DJEMBES,SEASHELLS,13291.0,4
15515,848300,Caesar,Paris,DJEMBES,SEASHELLS,13291.0,4
15545,851200,Paris,Caesar,DJEMBES,SEASHELLS,13290.0,4
15546,851300,Paris,Caesar,DJEMBES,SEASHELLS,13290.0,5
15550,851600,Paris,Caesar,DJEMBES,SEASHELLS,13290.0,3
15556,851900,Caesar,Paris,DJEMBES,SEASHELLS,13289.0,3
15557,852100,Paris,Caesar,DJEMBES,SEASHELLS,13290.0,4
15619,854300,Caesar,Paris,DJEMBES,SEASHELLS,13285.0,4
15620,854600,Paris,Caesar,DJEMBES,SEASHELLS,13284.0,4
15668,857400,Caesar,Camilla,DJEMBES,SEASHELLS,13281.0,9
15687,858000,Paris,Caesar,DJEMBES,SEASHELLS,13284.0,5
15727,860000,Caesar,Camilla,DJEMBES,SEASHELLS,13279.0,6
15771,862300,Paris,Caesar,DJEMBES,SEASHELLS,13285.0,4
15777,863000,Caesar,Paris,DJEMBES,SEASHELLS,13284.0,5
15796,864600,Caesar,Paris,DJEMBES,SEASHELLS,13287.0,4
15802,865000,Caesar,Paris,DJEMBES,SEASHELLS,13287.0,5
15809,865100,Caesar,Paris,DJEMBES,SEASHELLS,13288.0,4
15825,865700,Paris,Caesar,DJEMBES,SEASHELLS,13288.0,4
15858,867800,Caesar,Paris,DJEMBES,SEASHELLS,13291.0,5
15869,868800,Paris,Caesar,DJEMBES,SEASHELLS,13291.0,4
15883,869400,Caesar,Camilla,DJEMBES,SEASHELLS,13287.0,9
15921,870600,Paris,Caesar,DJEMBES,SEASHELLS,13286.0,3
15966,872600,Paris,Caesar,DJEMBES,SEASHELLS,13291.0,1
15967,872700,Paris,Caesar,DJEMBES,SEASHELLS,13291.0,5
15986,873500,Paris,Caesar,DJEMBES,SEASHELLS,13291.0,5
15993,873800,Caesar,Camilla,DJEMBES,SEASHELLS,13289.0,4
16017,875200,Paris,Caesar,DJEMBES,SEASHELLS,13290.0,2
16019,875300,Paris,Caesar,DJEMBES,SEASHELLS,13291.0,3
16024,875600,Paris,Caesar,DJEMBES,SEASHELLS,13288.0,4
16026,876000,Paris,Caesar,DJEMBES,SEASHELLS,13288.0,2
16099,881200,Caesar,Camilla,DJEMBES,SEASHELLS,13297.0,9
16108,881500,Caesar,Paris,DJEMBES,SEASHELLS,13296.0,3
16109,881600,Paris,Caesar,DJEMBES,SEASHELLS,13297.0,2
16139,883000,Caesar,Camilla,DJEMBES,SEASHELLS,13298.0,10
16149,883800,Paris,Caesar,DJEMBES,SEASHELLS,13299.0,3
16157,884000,Paris,Caesar,DJEMBES,SEASHELLS,13299.0,3
16173,884900,Caesar,Paris,DJEMBES,SEASHELLS,13293.0,4
16174,885000,Paris,Caesar,DJEMBES,SEASHELLS,13293.0,4
16201,886800,Caesar,Paris,DJEMBES,SEASHELLS,13290.0,4
16212,887800,Paris,Caesar,DJEMBES,SEASHELLS,13297.0,2
16253,889700,Caesar,Camilla,DJEMBES,SEASHELLS,13301.0,6
16315,892600,Caesar,Paris,DJEMBES,SEASHELLS,13297.0,1
16329,893300,Paris,Caesar,DJEMBES,SEASHELLS,13298.0,1
16335,893700,Caesar,Paris,DJEMBES,SEASHELLS,13296.0,1
16344,894700,Caesar,Camilla,DJEMBES,SEASHELLS,13297.0,4
16365,896000,Caesar,Paris,DJEMBES,SEASHELLS,13295.0,5
16375,896700,Paris,Caesar,DJEMBES,SEASHELLS,13299.0,1
16394,898100,Caesar,Camilla,DJEMBES,SEASHELLS,13294.0,11
16398,898400,Paris,Caesar,DJEMBES,SEASHELLS,13296.0,4
16404,898800,Caesar,Paris,DJEMBES,SEASHELLS,13296.0,2
16408,899400,Caesar,Paris,DJEMBES,SEASHELLS,13292.0,3
16423,900400,Paris,Caesar,DJEMBES,SEASHELLS,13294.0,4
16452,901800,Paris,Caesar,DJEMBES,SEASHELLS,13299.0,3
16458,902200,Paris,Caesar,DJEMBES,SEASHELLS,13299.0,2
16511,905200,Caesar,Camilla,DJEMBES,SEASHELLS,13300.0,8
16512,905200,Paris,Caesar,DJEMBES,SEASHELLS,13301.0,5
16520,905700,Caesar,Paris,DJEMBES,SEASHELLS,13301.0,5
16546,907400,Caesar,Paris,DJEMBES,SEASHELLS,13302.0,1
16549,907800,Paris,Caesar,DJEMBES,SEASHELLS,13304.0,2
16552,908100,Caesar,Paris,DJEMBES,SEASHELLS,13303.0,4
16568,909700,Caesar,Paris,DJEMBES,SEASHELLS,13307.0,5
16569,909800,Paris,Caesar,DJEMBES,SEASHELLS,13308.0,5
16581,910500,Paris,Caesar,DJEMBES,SEASHELLS,13311.0,4
16604,912800,Paris,Caesar,DJEMBES,SEASHELLS,13307.0,3
16606,912900,Paris,Caesar,DJEMBES,SEASHELLS,13307.0,1
16609,913100,Caesar,Paris,DJEMBES,SEASHELLS,13306.0,2
16617,913200,Caesar,Paris,DJEMBES,SEASHELLS,13306.0,5
16619,913300,Paris,Caesar,DJEMBES,SEASHELLS,13307.0,3
16702,916700,Paris,Caesar,DJEMBES,SEASHELLS,13300.0,5
16757,920200,Paris,Caesar,DJEMBES,SEASHELLS,13304.0,3
16772,921000,Paris,Caesar,DJEMBES,SEASHELLS,13299.0,3
16809,922700,Caesar,Camilla,DJEMBES,SEASHELLS,13296.0,8
16818,923500,Caesar,Paris,DJEMBES,SEASHELLS,13296.0,5
16862,925900,Paris,Caesar,DJEMBES,SEASHELLS,13292.0,5
16866,926100,Caesar,Paris,DJEMBES,SEASHELLS,13291.0,1
16868,926500,Paris,Caesar,DJEMBES,SEASHELLS,13291.0,1
16880,926800,Caesar,Paris,DJEMBES,SEASHELLS,13289.0,4
16887,927200,Paris,Caesar,DJEMBES,SEASHELLS,13288.0,4
16897,927900,Caesar,Paris,DJEMBES,SEASHELLS,13282.0,4
16932,929100,Paris,Caesar,DJEMBES,SEASHELLS,13279.0,1
16936,929400,Caesar,Paris,DJEMBES,SEASHELLS,13278.0,1
16941,929700,Caesar,Paris,DJEMBES,SEASHELLS,13277.0,2
16992,932400,Caesar,Paris,DJEMBES,SEASHELLS,13275.0,5
16994,932500,Caesar,Paris,DJEMBES,SEASHELLS,13274.0,3
16996,932600,Paris,Caesar,DJEMBES,SEASHELLS,13274.0,5
17013,933200,Paris,Caesar,DJEMBES,SEASHELLS,13272.0,4
17041,933900,Paris,Caesar,DJEMBES,SEASHELLS,13273.0,2
17051,934300,Caesar,Paris,DJEMBES,SEASHELLS,13271.0,5
17071,935500,Caesar,Paris,DJEMBES,SEASHELLS,13274.0,4
17072,935700,Caesar,Paris,DJEMBES,SEASHELLS,13274.0,2
17112,937500,Paris,Caesar,DJEMBES,SEASHELLS,13279.0,4
17130,938400,Caesar,Camilla,DJEMBES,SEASHELLS,13278.0,8
17165,940300,Caesar,Camilla,DJEMBES,SEASHELLS,13280.0,6
17167,940500,Caesar,Paris,DJEMBES,SEASHELLS,13278.0,2
17188,941800,Caesar,Paris,DJEMBES,SEASHELLS,13276.0,4
17191,942200,Paris,Caesar,DJEMBES,SEASHELLS,13277.0,2
17203,942600,Caesar,Paris,DJEMBES,SEASHELLS,13275.0,2
17236,944000,Caesar,Paris,DJEMBES,SEASHELLS,13276.0,2
17237,944100,Paris,Caesar,DJEMBES,SEASHELLS,13277.0,2
17249,945300,Caesar,Camilla,DJEMBES,SEASHELLS,13276.0,11
17252,945700,Caesar,Paris,DJEMBES,SEASHELLS,13276.0,5
17259,946100,Paris,Caesar,DJEMBES,SEASHELLS,13277.0,4
17307,948800,Paris,Caesar,DJEMBES,SEASHELLS,13279.0,2
17322,949500,Paris,Caesar,DJEMBES,SEASHELLS,13278.0,3
17346,950500,Caesar,Camilla,DJEMBES,SEASHELLS,13279.0,3
17348,950700,Paris,Caesar,DJEMBES,SEASHELLS,13280.0,1
17351,951000,Caesar,Camilla,DJEMBES,SEASHELLS,13278.0,6
17365,951300,Caesar,Paris,DJEMBES,SEASHELLS,13281.0,3
17366,951400,Caesar,Paris,DJEMBES,SEASHELLS,13280.0,5
17367,951500,Caesar,Camilla,DJEMBES,SEASHELLS,13280.0,8
17368,951500,Paris,Caesar,DJEMBES,SEASHELLS,13281.0,4
17406,954000,Caesar,Paris,DJEMBES,SEASHELLS,13274.0,2
17408,954300,Paris,Caesar,DJEMBES,SEASHELLS,13276.0,1
17423,955600,Paris,Caesar,DJEMBES,SEASHELLS,13276.0,5
17439,956600,Paris,Caesar,DJEMBES,SEASHELLS,13276.0,5
17449,957400,Caesar,Paris,DJEMBES,SEASHELLS,13277.0,3
17484,960200,Caesar,Paris,DJEMBES,SEASHELLS,13276.0,1
17485,960300,Paris,Caesar,DJEMBES,SEASHELLS,13278.0,3
17525,961700,Paris,Caesar,DJEMBES,SEASHELLS,13280.0,3
17557,964800,Caesar,Paris,DJEMBES,SEASHELLS,13288.0,1
17558,965000,Caesar,Paris,DJEMBES,SEASHELLS,13287.0,4
17577,965600,Paris,Caesar,DJEMBES,SEASHELLS,13286.0,4
17578,965800,Caesar,Paris,DJEMBES,SEASHELLS,13285.0,2
17579,965900,Caesar,Paris,DJEMBES,SEASHELLS,13285.0,3
17602,967000,Caesar,Paris,DJEMBES,SEASHELLS,13282.0,1
17633,969400,Caesar,Camilla,DJEMBES,SEASHELLS,13288.0,4
17639,970100,Paris,Caesar,DJEMBES,SEASHELLS,13287.0,4
17642,970400,Caesar,Paris,DJEMBES,SEASHELLS,13286.0,2
17647,971000,Paris,Caesar,DJEMBES,SEASHELLS,13288.0,1
17656,971200,Caesar,Camilla,DJEMBES,SEASHELLS,13287.0,9
17676,971900,Paris,Caesar,DJEMBES,SEASHELLS,13288.0,4
17690,972800,Caesar,Paris,DJEMBES,SEASHELLS,13286.0,2
17718,973600,Paris,Caesar,DJEMBES,SEASHELLS,13293.0,2
17763,974600,Caesar,Paris,DJEMBES,SEASHELLS,13289.0,2
17793,975700,Caesar,Paris,DJEMBES,SEASHELLS,13292.0,4
17800,975800,Paris,Caesar,DJEMBES,SEASHELLS,13294.0,1
17825,976900,Paris,Caesar,DJEMBES,SEASHELLS,13291.0,4
17839,977300,Paris,Caesar,DJEMBES,SEASHELLS,13290.0,3
17890,980400,Caesar,Camilla,DJEMBES,SEASHELLS,13291.0,11
17937,982500,Caesar,Paris,DJEMBES,SEASHELLS,13291.0,5
17986,986000,Paris,Caesar,DJEMBES,SEASHELLS,13295.0,5
18003,986800,Paris,Caesar,DJEMBES,SEASHELLS,13299.0,5
18023,988100,Paris,Caesar,DJEMBES,SEASHELLS,13297.0,1
18031,988600,Paris,Caesar,DJEMBES,SEASHELLS,13295.0,4
18035,988900,Paris,Caesar,DJEMBES,SEASHELLS,13295.0,4
18041,989300,Paris,Caesar,DJEMBES,SEASHELLS,13295.0,2
18057,991100,Caesar,Paris,DJEMBES,SEASHELLS,13298.0,5
18063,991600,Paris,Caesar,DJEMBES,SEASHELLS,13301.0,4
18065,991800,Paris,Caesar,DJEMBES,SEASHELLS,13301.0,5
18072,992700,Paris,Caesar,DJEMBES,SEASHELLS,13298.0,2
18086,993100,Caesar,Paris,DJEMBES,SEASHELLS,13295.0,3
18095,993600,Paris,Caesar,DJEMBES,SEASHELLS,13297.0,1
18127,995000,Paris,Caesar,DJEMBES,SEASHELLS,13293.0,4
18160,996500,Paris,Caesar,DJEMBES,SEASHELLS,13292.0,1
18163,996900,Caesar,Paris,DJEMBES,SEASHELLS,13294.0,5
18202,997600,Paris,Caesar,DJEMBES,SEASHELLS,13294.0,2
18236,998900,Caesar,Paris,DJEMBES,SEASHELLS,13294.0,5
3,999800,Paris,Caesar,DJEMBES,SEASHELLS,13298.0,2
45,1002100,Paris,Caesar,DJEMBES,SEASHELLS,13299.0,5
59,1002900,Paris,Caesar,DJEMBES,SEASHELLS,13300.0,4
113,1006300,Caesar,Paris,DJEMBES,SEASHELLS,13298.0,4
123,1007400,Paris,Caesar,DJEMBES,SEASHELLS,13290.0,4
132,1008200,Caesar,Paris,DJEMBES,SEASHELLS,13295.0,2
159,1009500,Caesar,Paris,DJEMBES,SEASHELLS,13295.0,1
196,1011700,Paris,Caesar,DJEMBES,SEASHELLS,13301.0,1
218,1012600,Paris,Caesar,DJEMBES,SEASHELLS,13301.0,5
230,1013400,Caesar,Camilla,DJEMBES,SEASHELLS,13300.0,10
232,1013800,Paris,Caesar,DJEMBES,SEASHELLS,13302.0,2
244,1014000,Caesar,Paris,DJEMBES,SEASHELLS,13301.0,2
293,1016600,Paris,Caesar,DJEMBES,SEASHELLS,13307.0,2
321,1018000,Caesar,Camilla,DJEMBES,SEASHELLS,13303.0,7
352,1021400,Paris,Caesar,DJEMBES,SEASHELLS,13305.0,5
398,1023100,Caesar,Paris,DJEMBES,SEASHELLS,13301.0,4
402,1023300,Paris,Caesar,DJEMBES,SEASHELLS,13303.0,3
504,1028200,Caesar,Paris,DJEMBES,SEASHELLS,13302.0,3
515,1029200,Paris,Caesar,DJEMBES,SEASHELLS,13298.0,2
541,1030200,Paris,Caesar,DJEMBES,SEASHELLS,13293.0,2
552,1030500,Paris,Caesar,DJEMBES,SEASHELLS,13294.0,5
554,1030600,Caesar,Paris,DJEMBES,SEASHELLS,13292.0,1
567,1031000,Caesar,Paris,DJEMBES,SEASHELLS,13293.0,1
584,1031900,Paris,Caesar,DJEMBES,SEASHELLS,13293.0,2
609,1033200,Caesar,Paris,DJEMBES,SEASHELLS,13293.0,1
610,1033400,Caesar,Paris,DJEMBES,SEASHELLS,13292.0,2
624,1034000,Paris,Caesar,DJEMBES,SEASHELLS,13293.0,4
632,1034700,Paris,Caesar,DJEMBES,SEASHELLS,13293.0,1
675,1036600,Caesar,Paris,DJEMBES,SEASHELLS,13292.0,5
698,1037400,Caesar,Paris,DJEMBES,SEASHELLS,13291.0,2
704,1038000,Caesar,Paris,DJEMBES,SEASHELLS,13290.0,4
720,1039100,Caesar,Paris,DJEMBES,SEASHELLS,13289.0,3
769,1042000,Caesar,Paris,DJEMBES,SEASHELLS,13286.0,2
773,1042200,Paris,Caesar,DJEMBES,SEASHELLS,13289.0,3
816,1044000,Paris,Caesar,DJEMBES,SEASHELLS,13292.0,3
828,1044200,Caesar,Camilla,DJEMBES,SEASHELLS,13291.0,3
839,1044400,Paris,Caesar,DJEMBES,SEASHELLS,13293.0,5
891,1045800,Caesar,Paris,DJEMBES,SEASHELLS,13291.0,2
899,1046200,Paris,Caesar,DJEMBES,SEASHELLS,13292.0,4
920,1048000,Caesar,Paris,DJEMBES,SEASHELLS,13294.0,2
968,1050700,Caesar,Camilla,DJEMBES,SEASHELLS,13292.0,4
971,1051000,Paris,Caesar,DJEMBES,SEASHELLS,13294.0,2
1029,1053600,Caesar,Paris,DJEMBES,SEASHELLS,13294.0,1
1039,1054600,Caesar,Paris,DJEMBES,SEASHELLS,13294.0,4
1060,1055600,Caesar,Paris,DJEMBES,SEASHELLS,13288.0,1
1079,1056200,Paris,Caesar,DJEMBES,SEASHELLS,13290.0,1
1088,1056600,Paris,Caesar,DJEMBES,SEASHELLS,13289.0,2
1169,1061600,Paris,Caesar,DJEMBES,SEASHELLS,13289.0,5
1175,1062100,Caesar,Paris,DJEMBES,SEASHELLS,13287.0,3
1178,1062400,Caesar,Paris,DJEMBES,SEASHELLS,13288.0,2
1192,1063400,Caesar,Paris,DJEMBES,SEASHELLS,13287.0,1
1204,1064000,Paris,Caesar,DJEMBES,SEASHELLS,13289.0,2
1224,1065100,Caesar,Paris,DJEMBES,SEASHELLS,13289.0,2
1230,1065400,Caesar,Paris,DJEMBES,SEASHELLS,13290.0,4
1258,1066400,Caesar,Paris,DJEMBES,SEASHELLS,13290.0,3
1271,1066700,Caesar,Paris,DJEMBES,SEASHELLS,13290.0,3
1277,1066900,Paris,Caesar,DJEMBES,SEASHELLS,13291.0,1
1282,1067500,Caesar,Paris,DJEMBES,SEASHELLS,13291.0,5
1283,1068100,Caesar,Paris,DJEMBES,SEASHELLS,13291.0,5
1300,1068900,Caesar,Camilla,DJEMBES,SEASHELLS,13293.0,11
1306,1069500,Paris,Caesar,DJEMBES,SEASHELLS,13296.0,1
1307,1069600,Caesar,Camilla,DJEMBES,SEASHELLS,13294.0,7
1332,1070500,Caesar,Paris,DJEMBES,SEASHELLS,13293.0,1
1368,1072900,Paris,Caesar,DJEMBES,SEASHELLS,13291.0,4
1418,1076500,Caesar,Paris,DJEMBES,SEASHELLS,13292.0,2
1449,1079000,Paris,Caesar,DJEMBES,SEASHELLS,13295.0,3
1451,1079200,Caesar,Camilla,DJEMBES,SEASHELLS,13295.0,5
1466,1079600,Paris,Caesar,DJEMBES,SEASHELLS,13294.0,5
1482,1080000,Caesar,Paris,DJEMBES,SEASHELLS,13293.0,3
1495,1080900,Paris,Caesar,DJEMBES,SEASHELLS,13292.0,3
1499,1081700,Caesar,Paris,DJEMBES,SEASHELLS,13292.0,5
1509,1082300,Caesar,Camilla,DJEMBES,SEASHELLS,13292.0,4
1533,1083100,Caesar,Paris,DJEMBES,SEASHELLS,13295.0,5
1543,1083600,Paris,Caesar,DJEMBES,SEASHELLS,13296.0,1
1556,1084100,Caesar,Paris,DJEMBES,SEASHELLS,13295.0,4
1557,1084300,Paris,Caesar,DJEMBES,SEASHELLS,13297.0,3
1582,1085900,Caesar,Paris,DJEMBES,SEASHELLS,13293.0,1
1594,1087000,Caesar,Paris,DJEMBES,SEASHELLS,13289.0,1
1603,1088100,Paris,Caesar,DJEMBES,SEASHELLS,13286.0,1
1604,1088200,Paris,Caesar,DJEMBES,SEASHELLS,13286.0,2
1606,1088300,Paris,Caesar,DJEMBES,SEASHELLS,13287.0,1
1624,1089100,Caesar,Paris,DJEMBES,SEASHELLS,13284.0,1
1627,1089300,Caesar,Paris,DJEMBES,SEASHELLS,13284.0,5
1655,1090300,Paris,Caesar,DJEMBES,SEASHELLS,13291.0,2
1663,1090700,Paris,Caesar,DJEMBES,SEASHELLS,13288.0,2
1671,1091200,Caesar,Paris,DJEMBES,SEASHELLS,13288.0,5
1707,1092200,Caesar,Camilla,DJEMBES,SEASHELLS,13287.0,4
1708,1092200,Caesar,Paris,DJEMBES,SEASHELLS,13287.0,1
1709,1092400,Paris,Caesar,DJEMBES,SEASHELLS,13289.0,1
1713,1092800,Caesar,Paris,DJEMBES,SEASHELLS,13287.0,3
1714,1092900,Caesar,Paris,DJEMBES,SEASHELLS,13287.0,2
1723,1093500,Paris,Caesar,DJEMBES,SEASHELLS,13290.0,4
1742,1095000,Paris,Caesar,DJEMBES,SEASHELLS,13283.0,4
1768,1097200,Caesar,Camilla,DJEMBES,SEASHELLS,13291.0,4
1780,1097400,Caesar,Paris,DJEMBES,SEASHELLS,13291.0,1
1787,1097700,Caesar,Camilla,DJEMBES,SEASHELLS,13291.0,7
1790,1098000,Caesar,Camilla,DJEMBES,SEASHELLS,13291.0,5
1813,1099100,Paris,Caesar,DJEMBES,SEASHELLS,13293.0,2
1849,1101100,Caesar,Paris,DJEMBES,SEASHELLS,13288.0,4
1885,1102400,Paris,Caesar,DJEMBES,SEASHELLS,13289.0,3
1901,1102600,Caesar,Paris,DJEMBES,SEASHELLS,13288.0,2
1908,1103200,Caesar,Paris,DJEMBES,SEASHELLS,13287.0,4
1933,1104200,Paris,Caesar,DJEMBES,SEASHELLS,13290.0,4
1940,1104600,Caesar,Paris,DJEMBES,SEASHELLS,13288.0,4
1951,1105100,Paris,Caesar,DJEMBES,SEASHELLS,13289.0,1
1967,1106000,Paris,Caesar,DJEMBES,SEASHELLS,13290.0,5
1984,1106500,Caesar,Paris,DJEMBES,SEASHELLS,13288.0,5
2024,1109100,Caesar,Paris,DJEMBES,SEASHELLS,13289.0,1
2029,1109400,Caesar,Paris,DJEMBES,SEASHELLS,13290.0,3
2048,1110400,Paris,Caesar,DJEMBES,SEASHELLS,13293.0,3
2050,1110900,Paris,Caesar,DJEMBES,SEASHELLS,13293.0,5
2075,1112000,Paris,Caesar,DJEMBES,SEASHELLS,13292.0,4
2090,1112900,Caesar,Camilla,DJEMBES,SEASHELLS,13293.0,11
2091,1112900,Paris,Caesar,DJEMBES,SEASHELLS,13295.0,4
2129,1115000,Caesar,Camilla,DJEMBES,SEASHELLS,13291.0,5
2130,1115000,Caesar,Paris,DJEMBES,SEASHELLS,13291.0,4
2148,1115800,Paris,Caesar,DJEMBES,SEASHELLS,13290.0,1
2149,1116100,Caesar,Paris,DJEMBES,SEASHELLS,13288.0,2
2196,1119600,Caesar,Paris,DJEMBES,SEASHELLS,13292.0,1
2199,1119800,Paris,Caesar,DJEMBES,SEASHELLS,13293.0,5
2214,1120700,Paris,Caesar,DJEMBES,SEASHELLS,13294.0,1
2216,1120900,Paris,Caesar,DJEMBES,SEASHELLS,13294.0,4
2227,1121600,Caesar,Paris,DJEMBES,SEASHELLS,13292.0,4
2228,1121700,Caesar,Paris,DJEMBES,SEASHELLS,13292.0,5
2231,1121900,Paris,Caesar,DJEMBES,SEASHELLS,13292.0,2
2239,1122600,Paris,Caesar,DJEMBES,SEASHELLS,13294.0,1
2252,1123700,Paris,Caesar,DJEMBES,SEASHELLS,13294.0,5
2308,1125500,Paris,Caesar,DJEMBES,SEASHELLS,13290.0,3
2315,1126100,Caesar,Paris,DJEMBES,SEASHELLS,13287.0,1
2332,1127600,Caesar,Paris,DJEMBES,SEASHELLS,13287.0,5
2352,1128500,Paris,Caesar,DJEMBES,SEASHELLS,13288.0,1
2354,1128600,Paris,Caesar,DJEMBES,SEASHELLS,13288.0,5
2367,1129200,Caesar,Paris,DJEMBES,SEASHELLS,13286.0,1
2400,1130200,Paris,Caesar,DJEMBES,SEASHELLS,13289.0,3
2449,1132400,Paris,Caesar,DJEMBES,SEASHELLS,13289.0,2
2478,1133700,Paris,Caesar,DJEMBES,SEASHELLS,13291.0,1
2485,1134500,Paris,Caesar,DJEMBES,SEASHELLS,13292.0,3
2509,1135500,Caesar,Paris,DJEMBES,SEASHELLS,13292.0,3
2514,1135800,Paris,Caesar,DJEMBES,SEASHELLS,13293.0,5
2525,1136200,Caesar,Paris,DJEMBES,SEASHELLS,13292.0,5
2529,1136700,Caesar,Paris,DJEMBES,SEASHELLS,13293.0,2
2536,1137600,Paris,Caesar,DJEMBES,SEASHELLS,13295.0,5
2544,1137900,Paris,Caesar,DJEMBES,SEASHELLS,13295.0,3
2554,1138400,Caesar,Paris,DJEMBES,SEASHELLS,13289.0,5
2592,1140500,Paris,Caesar,DJEMBES,SEASHELLS,13291.0,5
2594,1140600,Paris,Caesar,DJEMBES,SEASHELLS,13290.0,5
2644,1142500,Caesar,Paris,DJEMBES,SEASHELLS,13289.0,3
2651,1142700,Caesar,Paris,DJEMBES,SEASHELLS,13288.0,1
2653,1142800,Paris,Caesar,DJEMBES,SEASHELLS,13290.0,2
2715,1144000,Caesar,Paris,DJEMBES,SEASHELLS,13293.0,1
2716,1144100,Caesar,Camilla,DJEMBES,SEASHELLS,13292.0,3
2729,1144800,Paris,Caesar,DJEMBES,SEASHELLS,13293.0,3
2736,1145000,Paris,Caesar,DJEMBES,SEASHELLS,13293.0,2
2747,1145300,Paris,Caesar,DJEMBES,SEASHELLS,13294.0,2
2764,1146400,Caesar,Paris,DJEMBES,SEASHELLS,13289.0,3
2808,1148700,Caesar,Paris,DJEMBES,SEASHELLS,13290.0,2
2811,1149000,Caesar,Camilla,DJEMBES,SEASHELLS,13290.0,11
2830,1149500,Paris,Caesar,DJEMBES,SEASHELLS,13292.0,3
2837,1149900,Caesar,Paris,DJEMBES,SEASHELLS,13290.0,1
2844,1150700,Paris,Caesar,DJEMBES,SEASHELLS,13292.0,2
2899,1153300,Caesar,Paris,DJEMBES,SEASHELLS,13294.0,3
2928,1154600,Caesar,Paris,DJEMBES,SEASHELLS,13297.0,5
2941,1156200,Paris,Caesar,DJEMBES,SEASHELLS,13297.0,2
2957,1157200,Paris,Caesar,DJEMBES,SEASHELLS,13297.0,3
2961,1158000,Paris,Caesar,DJEMBES,SEASHELLS,13297.0,1
2971,1158600,Paris,Caesar,DJEMBES,SEASHELLS,13297.0,3
2993,1159800,Caesar,Camilla,DJEMBES,SEASHELLS,13297.0,4
3065,1163200,Paris,Caesar,DJEMBES,SEASHELLS,13306.0,3
3140,1165300,Paris,Caesar,DJEMBES,SEASHELLS,13306.0,2
3142,1165500,Caesar,Paris,DJEMBES,SEASHELLS,13305.0,5
3152,1165800,Paris,Caesar,DJEMBES,SEASHELLS,13306.0,1
3202,1168500,Caesar,Paris,DJEMBES,SEASHELLS,13309.0,5
3211,1169400,Caesar,Paris,DJEMBES,SEASHELLS,13310.0,5
3229,1170000,Caesar,Paris,DJEMBES,SEASHELLS,13309.0,5
3260,1170900,Paris,Caesar,DJEMBES,SEASHELLS,13308.0,2
3299,1172600,Caesar,Paris,DJEMBES,SEASHELLS,13302.0,4
3300,1172700,Paris,Caesar,DJEMBES,SEASHELLS,13302.0,4
3345,1174600,Caesar,Paris,DJEMBES,SEASHELLS,13301.0,5
3353,1174900,Paris,Caesar,DJEMBES,SEASHELLS,13302.0,4
3359,1175100,Caesar,Paris,DJEMBES,SEASHELLS,13303.0,2
3374,1175900,Caesar,Paris,DJEMBES,SEASHELLS,13306.0,2
3385,1176300,Caesar,Camilla,DJEMBES,SEASHELLS,13304.0,3
3414,1177700,Caesar,Paris,DJEMBES,SEASHELLS,13303.0,1
3418,1177900,Caesar,Paris,DJEMBES,SEASHELLS,13303.0,2
3423,1178100,Caesar,Camilla,DJEMBES,SEASHELLS,13304.0,4
3486,1181100,Paris,Caesar,DJEMBES,SEASHELLS,13306.0,4
3494,1181500,Caesar,Paris,DJEMBES,SEASHELLS,13305.0,2
3532,1183500,Caesar,Paris,DJEMBES,SEASHELLS,13305.0,2
3549,1184300,Paris,Caesar,DJEMBES,SEASHELLS,13306.0,5
3553,1184600,Paris,Caesar,DJEMBES,SEASHELLS,13306.0,2
3558,1184800,Paris,Caesar,DJEMBES,SEASHELLS,13306.0,1
3580,1186600,Caesar,Paris,DJEMBES,SEASHELLS,13310.0,5
3591,1187400,Caesar,Camilla,DJEMBES,SEASHELLS,13308.0,8
3592,1187500,Caesar,Paris,DJEMBES,SEASHELLS,13308.0,5
3629,1188800,Paris,Caesar,DJEMBES,SEASHELLS,13308.0,4
3654,1190100,Caesar,Paris,DJEMBES,SEASHELLS,13308.0,3
3674,1191200,Caesar,Paris,DJEMBES,SEASHELLS,13309.0,2
3679,1191600,Paris,Caesar,DJEMBES,SEASHELLS,13310.0,5
3688,1192300,Paris,Caesar,DJEMBES,SEASHELLS,13311.0,5
3710,1193600,Paris,Caesar,DJEMBES,SEASHELLS,13312.0,3
3723,1194100,Paris,Caesar,DJEMBES,SEASHELLS,13314.0,4
3734,1195300,Caesar,Paris,DJEMBES,SEASHELLS,13315.0,2
3758,1196600,Caesar,Camilla,DJEMBES,SEASHELLS,13317.0,5
3780,1197100,Paris,Caesar,DJEMBES,SEASHELLS,13317.0,5
3836,1200300,Paris,Caesar,DJEMBES,SEASHELLS,13323.0,5
3860,1201400,Caesar,Paris,DJEMBES,SEASHELLS,13321.0,5
3884,1203000,Caesar,Camilla,DJEMBES,SEASHELLS,13322.0,3
3888,1203100,Paris,Caesar,DJEMBES,SEASHELLS,13323.0,1
3951,1206900,Paris,Caesar,DJEMBES,SEASHELLS,13323.0,2
3957,1207000,Paris,Caesar,DJEMBES,SEASHELLS,13323.0,4
3960,1207300,Paris,Caesar,DJEMBES,SEASHELLS,13325.0,4
3965,1207700,Caesar,Paris,DJEMBES,SEASHELLS,13322.0,5
3993,1208600,Caesar,Paris,DJEMBES,SEASHELLS,13323.0,2
3997,1208800,Paris,Caesar,DJEMBES,SEASHELLS,13325.0,2
4009,1209800,Paris,Caesar,DJEMBES,SEASHELLS,13325.0,4
4029,1211000,Paris,Caesar,DJEMBES,SEASHELLS,13326.0,5
4044,1211900,Paris,Caesar,DJEMBES,SEASHELLS,13327.0,1
4049,1212400,Paris,Caesar,DJEMBES,SEASHELLS,13326.0,1
4052,1213200,Paris,Caesar,DJEMBES,SEASHELLS,13327.0,5
4123,1217400,Caesar,Paris,DJEMBES,SEASHELLS,13326.0,4
4125,1217600,Paris,Caesar,DJEMBES,SEASHELLS,13327.0,1
4140,1218400,Paris,Caesar,DJEMBES,SEASHELLS,13328.0,5
4157,1220000,Caesar,Paris,DJEMBES,SEASHELLS,13332.0,5
4182,1221500,Caesar,Paris,DJEMBES,SEASHELLS,13333.0,1
4190,1221800,Caesar,Paris,DJEMBES,SEASHELLS,13334.0,1
4204,1222500,Caesar,Paris,DJEMBES,SEASHELLS,13334.0,3
4207,1222700,Paris,Caesar,DJEMBES,SEASHELLS,13336.0,4
4263,1225300,Paris,Caesar,DJEMBES,SEASHELLS,13334.0,2
4279,1226300,Caesar,Paris,DJEMBES,SEASHELLS,13332.0,2
4287,1227300,Paris,Caesar,DJEMBES,SEASHELLS,13326.0,2
4301,1228300,Paris,Caesar,DJEMBES,SEASHELLS,13327.0,2
4307,1229000,Caesar,Paris,DJEMBES,SEASHELLS,13321.0,4
4349,1231300,Caesar,Paris,DJEMBES,SEASHELLS,13325.0,1
4356,1231600,Caesar,Paris,DJEMBES,SEASHELLS,13325.0,2
4400,1233200,Caesar,Paris,DJEMBES,SEASHELLS,13330.0,5
4435,1234900,Paris,Caesar,DJEMBES,SEASHELLS,13334.0,3
4440,1235600,Caesar,Camilla,DJEMBES,SEASHELLS,13333.0,8
4474,1237000,Caesar,Paris,DJEMBES,SEASHELLS,13331.0,5
4476,1237100,Paris,Caesar,DJEMBES,SEASHELLS,13334.0,3
4497,1238400,Paris,Caesar,DJEMBES,SEASHELLS,13334.0,2
4513,1238700,Caesar,Paris,DJEMBES,SEASHELLS,13331.0,3
4539,1241200,Paris,Caesar,DJEMBES,SEASHELLS,13331.0,5
4567,1242700,Caesar,Paris,DJEMBES,SEASHELLS,13331.0,2
4571,1242900,Caesar,Camilla,DJEMBES,SEASHELLS,13331.0,4
4574,1243100,Caesar,Paris,DJEMBES,SEASHELLS,13332.0,2
4577,1243500,Caesar,Camilla,DJEMBES,SEASHELLS,13332.0,8
4606,1244500,Paris,Caesar,DJEMBES,SEASHELLS,13334.0,1
4613,1244800,Paris,Caesar,DJEMBES,SEASHELLS,13333.0,3
4620,1245200,Paris,Caesar,DJEMBES,SEASHELLS,13333.0,5
4646,1246100,Caesar,Paris,DJEMBES,SEASHELLS,13337.0,1
4675,1247800,Paris,Caesar,DJEMBES,SEASHELLS,13338.0,5
4729,1249100,Caesar,Paris,DJEMBES,SEASHELLS,13337.0,4
4750,1250400,Paris,Caesar,DJEMBES,SEASHELLS,13336.0,1
4753,1250500,Caesar,Paris,DJEMBES,SEASHELLS,13334.0,1
4775,1251600,Caesar,Camilla,DJEMBES,SEASHELLS,13333.0,7
4776,1251600,Caesar,Paris,DJEMBES,SEASHELLS,13333.0,5
4780,1251900,Caesar,Camilla,DJEMBES,SEASHELLS,13332.0,4
4819,1253900,Caesar,Paris,DJEMBES,SEASHELLS,13333.0,3
4853,1256900,Caesar,Paris,DJEMBES,SEASHELLS,13330.0,5
4878,1258900,Caesar,Camilla,DJEMBES,SEASHELLS,13328.0,5
4879,1259000,Caesar,Paris,DJEMBES,SEASHELLS,13328.0,2
4915,1260500,Paris,Caesar,DJEMBES,SEASHELLS,13327.0,3
4919,1260600,Caesar,Paris,DJEMBES,SEASHELLS,13325.0,1
4945,1262200,Caesar,Paris,DJEMBES,SEASHELLS,13322.0,1
4948,1262400,Paris,Caesar,DJEMBES,SEASHELLS,13323.0,1
4954,1262700,Paris,Caesar,DJEMBES,SEASHELLS,13321.0,1
4964,1263200,Paris,Caesar,DJEMBES,SEASHELLS,13323.0,3
5000,1266000,Caesar,Paris,DJEMBES,SEASHELLS,13326.0,4
5022,1267900,Caesar,Paris,DJEMBES,SEASHELLS,13330.0,3
5033,1268200,Caesar,Camilla,DJEMBES,SEASHELLS,13330.0,8
5069,1269100,Paris,Caesar,DJEMBES,SEASHELLS,13328.0,3
5148,1272800,Paris,Caesar,DJEMBES,SEASHELLS,13328.0,1
5157,1273700,Paris,Caesar,DJEMBES,SEASHELLS,13326.0,3
5180,1275300,Caesar,Paris,DJEMBES,SEASHELLS,13330.0,5
5204,1276400,Paris,Caesar,DJEMBES,SEASHELLS,13329.0,5
5207,1276600,Caesar,Paris,DJEMBES,SEASHELLS,13327.0,1
5220,1277700,Caesar,Paris,DJEMBES,SEASHELLS,13325.0,5
5245,1278600,Paris,Caesar,DJEMBES,SEASHELLS,13326.0,5
5248,1278700,Caesar,Paris,DJEMBES,SEASHELLS,13325.0,3
5265,1279400,Caesar,Paris,DJEMBES,SEASHELLS,13325.0,2
5270,1279800,Paris,Caesar,DJEMBES,SEASHELLS,13327.0,1
5289,1280400,Caesar,Camilla,DJEMBES,SEASHELLS,13329.0,7
5296,1280800,Paris,Caesar,DJEMBES,SEASHELLS,13329.0,3
5334,1282500,Paris,Caesar,DJEMBES,SEASHELLS,13331.0,4
5343,1282900,Caesar,Paris,DJEMBES,SEASHELLS,13332.0,3
5376,1284200,Paris,Caesar,DJEMBES,SEASHELLS,13332.0,1
5378,1284300,Paris,Caesar,DJEMBES,SEASHELLS,13332.0,4
5385,1285100,Caesar,Paris,DJEMBES,SEASHELLS,13330.0,5
5413,1286900,Caesar,Camilla,DJEMBES,SEASHELLS,13331.0,10
5425,1287500,Paris,Caesar,DJEMBES,SEASHELLS,13332.0,5
5432,1288500,Paris,Caesar,DJEMBES,SEASHELLS,13329.0,1
5434,1288600,Paris,Caesar,DJEMBES,SEASHELLS,13329.0,2
5475,1290200,Caesar,Camilla,DJEMBES,SEASHELLS,13327.0,7
5479,1290400,Paris,Caesar,DJEMBES,SEASHELLS,13328.0,5
5486,1290900,Caesar,Camilla,DJEMBES,SEASHELLS,13324.0,10
5492,1291100,Paris,Caesar,DJEMBES,SEASHELLS,13326.0,4
5526,1293200,Paris,Caesar,DJEMBES,SEASHELLS,13329.0,2
5540,1293900,Paris,Caesar,DJEMBES,SEASHELLS,13331.0,1
5552,1295100,Paris,Caesar,DJEMBES,SEASHELLS,13329.0,3
5562,1295900,Paris,Caesar,DJEMBES,SEASHELLS,13331.0,4
5564,1296300,Caesar,Paris,DJEMBES,SEASHELLS,13328.0,3
5578,1297300,Caesar,Paris,DJEMBES,SEASHELLS,13324.0,2
5581,1297400,Caesar,Paris,DJEMBES,SEASHELLS,13323.0,2
5595,1298200,Paris,Caesar,DJEMBES,SEASHELLS,13327.0,3
5596,1298400,Paris,Caesar,DJEMBES,SEASHELLS,13328.0,2
5621,1299800,Paris,Caesar,DJEMBES,SEASHELLS,13328.0,1
5631,1300700,Paris,Caesar,DJEMBES,SEASHELLS,13329.0,2
5644,1301300,Caesar,Paris,DJEMBES,SEASHELLS,13326.0,2
5645,1301600,Caesar,Paris,DJEMBES,SEASHELLS,13325.0,2
5683,1303700,Caesar,Paris,DJEMBES,SEASHELLS,13329.0,5
5695,1304600,Paris,Caesar,DJEMBES,SEASHELLS,13330.0,4
5713,1305700,Caesar,Paris,DJEMBES,SEASHELLS,13332.0,2
5715,1306100,Paris,Caesar,DJEMBES,SEASHELLS,13334.0,2
5726,1306700,Paris,Caesar,DJEMBES,SEASHELLS,13334.0,1
5739,1307500,Paris,Caesar,DJEMBES,SEASHELLS,13334.0,5
5740,1307800,Caesar,Paris,DJEMBES,SEASHELLS,13335.0,5
5743,1308000,Paris,Caesar,DJEMBES,SEASHELLS,13336.0,2
5746,1308400,Caesar,Paris,DJEMBES,SEASHELLS,13334.0,4
5787,1310100,Paris,Caesar,DJEMBES,SEASHELLS,13335.0,3
5790,1310300,Caesar,Paris,DJEMBES,SEASHELLS,13334.0,4
5794,1310700,Paris,Caesar,DJEMBES,SEASHELLS,13335.0,2
5819,1312200,Paris,Caesar,DJEMBES,SEASHELLS,13332.0,2
5848,1313700,Paris,Caesar,DJEMBES,SEASHELLS,13333.0,3
5853,1314000,Caesar,Camilla,DJEMBES,SEASHELLS,13332.0,4
5854,1314000,Paris,Caesar,DJEMBES,SEASHELLS,13333.0,3
5905,1316200,Caesar,Paris,DJEMBES,SEASHELLS,13344.0,1
5911,1316700,Paris,Caesar,DJEMBES,SEASHELLS,13345.0,1
5914,1317100,Paris,Caesar,DJEMBES,SEASHELLS,13345.0,3
5948,1318700,Paris,Caesar,DJEMBES,SEASHELLS,13346.0,5
5961,1319400,Paris,Caesar,DJEMBES,SEASHELLS,13348.0,5
5969,1320100,Caesar,Paris,DJEMBES,SEASHELLS,13346.0,3
5974,1320400,Caesar,Camilla,DJEMBES,SEASHELLS,13345.0,7
6012,1321700,Caesar,Paris,DJEMBES,SEASHELLS,13345.0,1
6022,1323200,Caesar,Paris,DJEMBES,SEASHELLS,13349.0,5
6023,1323300,Caesar,Paris,DJEMBES,SEASHELLS,13349.0,5
6040,1324400,Paris,Caesar,DJEMBES,SEASHELLS,13349.0,2
6090,1327300,Caesar,Paris,DJEMBES,SEASHELLS,13350.0,1
6095,1327700,Caesar,Camilla,DJEMBES,SEASHELLS,13351.0,3
6125,1329400,Paris,Caesar,DJEMBES,SEASHELLS,13355.0,4
6142,1330300,Caesar,Paris,DJEMBES,SEASHELLS,13352.0,5
6173,1332400,Paris,Caesar,DJEMBES,SEASHELLS,13352.0,5
6178,1333200,Paris,Caesar,DJEMBES,SEASHELLS,13352.0,2
6200,1334200,Caesar,Camilla,DJEMBES,SEASHELLS,13350.0,7
6216,1334800,Paris,Caesar,DJEMBES,SEASHELLS,13352.0,3
6217,1335000,Caesar,Paris,DJEMBES,SEASHELLS,13350.0,1
6225,1335500,Caesar,Paris,DJEMBES,SEASHELLS,13347.0,3
6228,1335900,Paris,Caesar,DJEMBES,SEASHELLS,13348.0,1
6230,1336000,Paris,Caesar,DJEMBES,SEASHELLS,13348.0,2
6245,1337100,Paris,Caesar,DJEMBES,SEASHELLS,13348.0,5
6261,1338000,Paris,Caesar,DJEMBES,SEASHELLS,13349.0,4
6266,1338200,Caesar,Paris,DJEMBES,SEASHELLS,13348.0,4
6268,1338300,Caesar,Paris,DJEMBES,SEASHELLS,13348.0,2
6277,1339200,Paris,Caesar,DJEMBES,SEASHELLS,13349.0,4
6292,1340000,Caesar,Paris,DJEMBES,SEASHELLS,13348.0,5
6303,1340800,Paris,Caesar,DJEMBES,SEASHELLS,13347.0,1
6328,1342500,Paris,Caesar,DJEMBES,SEASHELLS,13347.0,2
6342,1343700,Paris,Caesar,DJEMBES,SEASHELLS,13346.0,5
6368,1344300,Caesar,Paris,DJEMBES,SEASHELLS,13341.0,2
6397,1345900,Caesar,Paris,DJEMBES,SEASHELLS,13344.0,2
6424,1348100,Caesar,Camilla,DJEMBES,SEASHELLS,13347.0,3
6437,1348900,Caesar,Paris,DJEMBES,SEASHELLS,13344.0,2
6449,1349200,Paris,Caesar,DJEMBES,SEASHELLS,13347.0,1
6481,1350800,Paris,Caesar,DJEMBES,SEASHELLS,13348.0,1
6501,1351500,Paris,Caesar,DJEMBES,SEASHELLS,13348.0,1
6512,1352200,Paris,Caesar,DJEMBES,SEASHELLS,13348.0,2
6517,1352400,Caesar,Paris,DJEMBES,SEASHELLS,13346.0,4
6523,1352600,Caesar,Paris,DJEMBES,SEASHELLS,13346.0,4
6524,1352700,Caesar,Paris,DJEMBES,SEASHELLS,13346.0,2
6531,1353500,Caesar,Paris,DJEMBES,SEASHELLS,13347.0,1
6547,1353900,Caesar,Paris,DJEMBES,SEASHELLS,13348.0,4
6574,1355100,Paris,Caesar,DJEMBES,SEASHELLS,13348.0,3
6598,1356600,Paris,Caesar,DJEMBES,SEASHELLS,13346.0,2
6627,1358100,Caesar,Paris,DJEMBES,SEASHELLS,13347.0,2
6630,1358300,Caesar,Paris,DJEMBES,SEASHELLS,13348.0,1
6674,1360700,Caesar,Paris,DJEMBES,SEASHELLS,13353.0,5
6675,1360800,Paris,Caesar,DJEMBES,SEASHELLS,13356.0,1
6688,1361200,Paris,Caesar,DJEMBES,SEASHELLS,13361.0,3
6716,1361900,Caesar,Paris,DJEMBES,SEASHELLS,13364.0,3
6731,1362500,Paris,Caesar,DJEMBES,SEASHELLS,13367.0,4
6767,1364100,Paris,Caesar,DJEMBES,SEASHELLS,13365.0,1
6794,1366100,Caesar,Paris,DJEMBES,SEASHELLS,13362.0,1
6832,1368600,Caesar,Camilla,DJEMBES,SEASHELLS,13366.0,8
6862,1370500,Paris,Caesar,DJEMBES,SEASHELLS,13364.0,3
6885,1371900,Paris,Caesar,DJEMBES,SEASHELLS,13362.0,1
6888,1372000,Caesar,Paris,DJEMBES,SEASHELLS,13360.0,1
6894,1372200,Paris,Caesar,DJEMBES,SEASHELLS,13361.0,2
6911,1372600,Paris,Caesar,DJEMBES,SEASHELLS,13361.0,5
6927,1373700,Paris,Caesar,DJEMBES,SEASHELLS,13363.0,5
6957,1374800,Paris,Caesar,DJEMBES,SEASHELLS,13362.0,3
6962,1375300,Caesar,Paris,DJEMBES,SEASHELLS,13361.0,3
6972,1375700,Paris,Caesar,DJEMBES,SEASHELLS,13364.0,4
7001,1377100,Paris,Caesar,DJEMBES,SEASHELLS,13366.0,3
7007,1377500,Caesar,Paris,DJEMBES,SEASHELLS,13364.0,3
7020,1379300,Caesar,Paris,DJEMBES,SEASHELLS,13363.0,4
7051,1381000,Paris,Caesar,DJEMBES,SEASHELLS,13364.0,2
7057,1381700,Caesar,Paris,DJEMBES,SEASHELLS,13361.0,5
7132,1384800,Caesar,Paris,DJEMBES,SEASHELLS,13357.0,2
7151,1386000,Paris,Caesar,DJEMBES,SEASHELLS,13360.0,4
7152,1386100,Caesar,Paris,DJEMBES,SEASHELLS,13359.0,1
7173,1386900,Paris,Caesar,DJEMBES,SEASHELLS,13359.0,2
7177,1387000,Paris,Caesar,DJEMBES,SEASHELLS,13360.0,2
7187,1387600,Paris,Caesar,DJEMBES,SEASHELLS,13364.0,5
7204,1388400,Caesar,Paris,DJEMBES,SEASHELLS,13364.0,4
7212,1388600,Caesar,Paris,DJEMBES,SEASHELLS,13366.0,5
7232,1389400,Caesar,Paris,DJEMBES,SEASHELLS,13365.0,1
7243,1389900,Caesar,Paris,DJEMBES,SEASHELLS,13365.0,5
7265,1392000,Caesar,Paris,DJEMBES,SEASHELLS,13362.0,2
7273,1392600,Caesar,Paris,DJEMBES,SEASHELLS,13360.0,1
7277,1392800,Paris,Caesar,DJEMBES,SEASHELLS,13360.0,3
7289,1393400,Caesar,Paris,DJEMBES,SEASHELLS,13361.0,1
7300,1394000,Caesar,Paris,DJEMBES,SEASHELLS,13359.0,3
7310,1394300,Caesar,Paris,DJEMBES,SEASHELLS,13359.0,5
7341,1395200,Paris,Caesar,DJEMBES,SEASHELLS,13361.0,2
7356,1396400,Caesar,Paris,DJEMBES,SEASHELLS,13361.0,1
7411,1398300,Paris,Caesar,DJEMBES,SEASHELLS,13361.0,2
7434,1400300,Caesar,Paris,DJEMBES,SEASHELLS,13359.0,5
7445,1400500,Caesar,Paris,DJEMBES,SEASHELLS,13359.0,3
7448,1401100,Paris,Caesar,DJEMBES,SEASHELLS,13361.0,1
7455,1401600,Paris,Caesar,DJEMBES,SEASHELLS,13361.0,2
7464,1401800,Paris,Caesar,DJEMBES,SEASHELLS,13363.0,2
7492,1402800,Caesar,Camilla,DJEMBES,SEASHELLS,13361.0,4
7493,1402800,Paris,Caesar,DJEMBES,SEASHELLS,13362.0,2
7496,1402900,Paris,Caesar,DJEMBES,SEASHELLS,13362.0,4
7550,1405400,Caesar,Paris,DJEMBES,SEASHELLS,13362.0,4
7585,1407300,Paris,Caesar,DJEMBES,SEASHELLS,13364.0,1
7591,1407400,Caesar,Paris,DJEMBES,SEASHELLS,13361.0,3
7593,1407500,Caesar,Paris,DJEMBES,SEASHELLS,13361.0,4
7616,1408000,Paris,Caesar,DJEMBES,SEASHELLS,13364.0,4
7654,1409600,Paris,Caesar,DJEMBES,SEASHELLS,13366.0,1
7655,1409700,Caesar,Paris,DJEMBES,SEASHELLS,13367.0,1
7675,1410500,Caesar,Paris,DJEMBES,SEASHELLS,13366.0,1
7716,1412600,Caesar,Paris,DJEMBES,SEASHELLS,13366.0,5
7737,1413300,Caesar,Paris,DJEMBES,SEASHELLS,13367.0,2
7741,1413900,Paris,Caesar,DJEMBES,SEASHELLS,13368.0,1
7778,1416200,Paris,Caesar,DJEMBES,SEASHELLS,13363.0,3
7784,1416800,Paris,Caesar,DJEMBES,SEASHELLS,13364.0,2
7802,1418500,Caesar,Paris,DJEMBES,SEASHELLS,13363.0,1
7828,1419700,Paris,Caesar,DJEMBES,SEASHELLS,13364.0,1
7837,1420600,Caesar,Paris,DJEMBES,SEASHELLS,13363.0,5
7847,1421000,Paris,Caesar,DJEMBES,SEASHELLS,13363.0,3
7868,1422600,Paris,Caesar,DJEMBES,SEASHELLS,13361.0,3
7878,1423500,Paris,Caesar,DJEMBES,SEASHELLS,13362.0,2
7914,1425100,Caesar,Camilla,DJEMBES,SEASHELLS,13360.0,6
7931,1426000,Caesar,Paris,DJEMBES,SEASHELLS,13362.0,4
7951,1426800,Paris,Caesar,DJEMBES,SEASHELLS,13363.0,2
7976,1428700,Paris,Caesar,DJEMBES,SEASHELLS,13366.0,2
7982,1429200,Paris,Caesar,DJEMBES,SEASHELLS,13365.0,4
7996,1430000,Caesar,Paris,DJEMBES,SEASHELLS,13361.0,2
8033,1431300,Caesar,Paris,DJEMBES,SEASHELLS,13361.0,3
8035,1431600,Caesar,Paris,DJEMBES,SEASHELLS,13363.0,3
8066,1432900,Caesar,Camilla,DJEMBES,SEASHELLS,13362.0,5
8088,1433400,Caesar,Paris,DJEMBES,SEASHELLS,13361.0,3
8108,1434600,Caesar,Paris,DJEMBES,SEASHELLS,13358.0,3
8118,1435200,Caesar,Camilla,DJEMBES,SEASHELLS,13357.0,5
8140,1435800,Caesar,Paris,DJEMBES,SEASHELLS,13357.0,2
8146,1436600,Caesar,Paris,DJEMBES,SEASHELLS,13359.0,4
8163,1437700,Paris,Caesar,DJEMBES,SEASHELLS,13362.0,3
8166,1437800,Paris,Caesar,DJEMBES,SEASHELLS,13361.0,5
8180,1438300,Caesar,Camilla,DJEMBES,SEASHELLS,13359.0,5
8186,1439000,Paris,Caesar,DJEMBES,SEASHELLS,13361.0,1
8190,1439200,Caesar,Paris,DJEMBES,SEASHELLS,13360.0,2
8223,1440300,Paris,Caesar,DJEMBES,SEASHELLS,13364.0,3
8224,1440700,Caesar,Camilla,DJEMBES,SEASHELLS,13362.0,5
8236,1440800,Caesar,Paris,DJEMBES,SEASHELLS,13362.0,5
8246,1441400,Paris,Caesar,DJEMBES,SEASHELLS,13365.0,1
8247,1441500,Paris,Caesar,DJEMBES,SEASHELLS,13365.0,5
8251,1441700,Paris,Caesar,DJEMBES,SEASHELLS,13365.0,1
8262,1441800,Caesar,Paris,DJEMBES,SEASHELLS,13364.0,4
8303,1443900,Caesar,Paris,DJEMBES,SEASHELLS,13363.0,5
8318,1445000,Paris,Caesar,DJEMBES,SEASHELLS,13364.0,2
8345,1445600,Paris,Caesar,DJEMBES,SEASHELLS,13364.0,3
8359,1446300,Paris,Caesar,DJEMBES,SEASHELLS,13365.0,4
8407,1448200,Paris,Caesar,DJEMBES,SEASHELLS,13363.0,2
8433,1449500,Caesar,Paris,DJEMBES,SEASHELLS,13360.0,1
8445,1450400,Caesar,Paris,DJEMBES,SEASHELLS,13360.0,3
8449,1450600,Caesar,Paris,DJEMBES,SEASHELLS,13360.0,1
8450,1450800,Caesar,Paris,DJEMBES,SEASHELLS,13360.0,2
8457,1451200,Caesar,Paris,DJEMBES,SEASHELLS,13359.0,1
8563,1458000,Caesar,Paris,DJEMBES,SEASHELLS,13360.0,1
8572,1458300,Paris,Caesar,DJEMBES,SEASHELLS,13360.0,4
8595,1459500,Caesar,Paris,DJEMBES,SEASHELLS,13355.0,5
8602,1459900,Paris,Caesar,DJEMBES,SEASHELLS,13355.0,3
8607,1460100,Paris,Caesar,DJEMBES,SEASHELLS,13355.0,3
8626,1461400,Caesar,Paris,DJEMBES,SEASHELLS,13354.0,4
8635,1462400,Paris,Caesar,DJEMBES,SEASHELLS,13356.0,3
8640,1462500,Caesar,Paris,DJEMBES,SEASHELLS,13355.0,5
8646,1463300,Paris,Caesar,DJEMBES,SEASHELLS,13357.0,2
8660,1463600,Caesar,Paris,DJEMBES,SEASHELLS,13355.0,4
8673,1464500,Paris,Caesar,DJEMBES,SEASHELLS,13351.0,4
8684,1465100,Paris,Caesar,DJEMBES,SEASHELLS,13352.0,3
8776,1469900,Caesar,Camilla,DJEMBES,SEASHELLS,13347.0,5
8811,1471300,Paris,Caesar,DJEMBES,SEASHELLS,13345.0,2
8845,1472400,Paris,Caesar,DJEMBES,SEASHELLS,13347.0,4
8855,1472600,Paris,Caesar,DJEMBES,SEASHELLS,13348.0,4
8871,1473500,Paris,Caesar,DJEMBES,SEASHELLS,13348.0,5
8888,1474300,Caesar,Paris,DJEMBES,SEASHELLS,13346.0,1
8926,1475300,Caesar,Paris,DJEMBES,SEASHELLS,13344.0,2
8934,1475600,Paris,Caesar,DJEMBES,SEASHELLS,13346.0,4
8938,1475900,Caesar,Camilla,DJEMBES,SEASHELLS,13345.0,7
8949,1477200,Paris,Caesar,DJEMBES,SEASHELLS,13347.0,4
8950,1477300,Caesar,Paris,DJEMBES,SEASHELLS,13345.0,3
8996,1479800,Caesar,Paris,DJEMBES,SEASHELLS,13345.0,2
8998,1479900,Caesar,Paris,DJEMBES,SEASHELLS,13345.0,1
9007,1480500,Paris,Caesar,DJEMBES,SEASHELLS,13347.0,5
9021,1481100,Caesar,Paris,DJEMBES,SEASHELLS,13344.0,3
9066,1482900,Paris,Caesar,DJEMBES,SEASHELLS,13346.0,5
9074,1483400,Paris,Caesar,DJEMBES,SEASHELLS,13348.0,2
9075,1483500,Caesar,Camilla,DJEMBES,SEASHELLS,13347.0,11
9100,1484500,Paris,Caesar,DJEMBES,SEASHELLS,13342.0,2
9105,1484800,Paris,Caesar,DJEMBES,SEASHELLS,13340.0,2
9124,1485500,Paris,Caesar,DJEMBES,SEASHELLS,13340.0,1
9139,1486300,Paris,Caesar,DJEMBES,SEASHELLS,13336.0,5
9142,1486700,Caesar,Paris,DJEMBES,SEASHELLS,13332.0,5
9148,1486900,Caesar,Paris,DJEMBES,SEASHELLS,13333.0,3
9194,1489200,Caesar,Paris,DJEMBES,SEASHELLS,13329.0,4
9211,1489900,Caesar,Paris,DJEMBES,SEASHELLS,13327.0,4
9213,1490000,Paris,Caesar,DJEMBES,SEASHELLS,13328.0,5
9219,1490400,Paris,Caesar,DJEMBES,SEASHELLS,13329.0,2
9272,1494000,Paris,Caesar,DJEMBES,SEASHELLS,13339.0,3
9290,1494800,Caesar,Paris,DJEMBES,SEASHELLS,13336.0,1
9343,1497200,Caesar,Camilla,DJEMBES,SEASHELLS,13331.0,7
9362,1498300,Paris,Caesar,DJEMBES,SEASHELLS,13334.0,1
9371,1498700,Caesar,Paris,DJEMBES,SEASHELLS,13332.0,1
9376,1499000,Caesar,Paris,DJEMBES,SEASHELLS,13334.0,4
9392,1499700,Caesar,Paris,DJEMBES,SEASHELLS,13334.0,4
9393,1499900,Caesar,Paris,DJEMBES,SEASHELLS,13334.0,5
9398,1500600,Paris,Caesar,DJEMBES,SEASHELLS,13336.0,5
9412,1501000,Caesar,Paris,DJEMBES,SEASHELLS,13336.0,1
9423,1501700,Caesar,Paris,DJEMBES,SEASHELLS,13336.0,4
9430,1502200,Caesar,Paris,DJEMBES,SEASHELLS,13338.0,5
9454,1503100,Paris,Caesar,DJEMBES,SEASHELLS,13345.0,2
9460,1503200,Caesar,Camilla,DJEMBES,SEASHELLS,13344.0,11
9469,1503600,Paris,Caesar,DJEMBES,SEASHELLS,13343.0,3
9471,1503800,Paris,Caesar,DJEMBES,SEASHELLS,13343.0,1
9499,1505500,Caesar,Paris,DJEMBES,SEASHELLS,13345.0,4
9518,1506500,Caesar,Paris,DJEMBES,SEASHELLS,13346.0,4
9524,1507200,Caesar,Paris,DJEMBES,SEASHELLS,13346.0,3
9570,1509200,Caesar,Paris,DJEMBES,SEASHELLS,13343.0,4
9571,1509400,Caesar,Paris,DJEMBES,SEASHELLS,13343.0,2
9573,1509600,Paris,Caesar,DJEMBES,SEASHELLS,13343.0,2
9577,1509800,Paris,Caesar,DJEMBES,SEASHELLS,13342.0,4
9582,1510000,Caesar,Camilla,DJEMBES,SEASHELLS,13341.0,10
9598,1510600,Paris,Caesar,DJEMBES,SEASHELLS,13339.0,1
9605,1511200,Caesar,Camilla,DJEMBES,SEASHELLS,13340.0,6
9614,1511800,Caesar,Paris,DJEMBES,SEASHELLS,13342.0,5
9632,1512700,Paris,Caesar,DJEMBES,SEASHELLS,13339.0,1
9635,1512800,Caesar,Paris,DJEMBES,SEASHELLS,13337.0,4
9650,1513800,Paris,Caesar,DJEMBES,SEASHELLS,13337.0,5
9653,1513900,Caesar,Paris,DJEMBES,SEASHELLS,13337.0,5
9657,1514000,Paris,Caesar,DJEMBES,SEASHELLS,13334.0,3
9663,1514300,Caesar,Camilla,DJEMBES,SEASHELLS,13330.0,10
9709,1516900,Caesar,Paris,DJEMBES,SEASHELLS,13334.0,2
9714,1517200,Paris,Caesar,DJEMBES,SEASHELLS,13335.0,4
9778,1519900,Caesar,Paris,DJEMBES,SEASHELLS,13330.0,3
9811,1522000,Paris,Caesar,DJEMBES,SEASHELLS,13331.0,1
9841,1523200,Caesar,Paris,DJEMBES,SEASHELLS,13329.0,1
9855,1524000,Caesar,Paris,DJEMBES,SEASHELLS,13328.0,5
9866,1524700,Paris,Caesar,DJEMBES,SEASHELLS,13329.0,5
9870,1524900,Caesar,Paris,DJEMBES,SEASHELLS,13328.0,2
9883,1525800,Caesar,Paris,DJEMBES,SEASHELLS,13328.0,3
9914,1527600,Paris,Caesar,DJEMBES,SEASHELLS,13333.0,2
9927,1529100,Caesar,Paris,DJEMBES,SEASHELLS,13334.0,4
9943,1529600,Paris,Caesar,DJEMBES,SEASHELLS,13335.0,5
9978,1531800,Caesar,Paris,DJEMBES,SEASHELLS,13339.0,3
9987,1532300,Paris,Caesar,DJEMBES,SEASHELLS,13340.0,2
10014,1533800,Caesar,Paris,DJEMBES,SEASHELLS,13339.0,4
10052,1535200,Paris,Caesar,DJEMBES,SEASHELLS,13335.0,4
10055,1535400,Caesar,Camilla,DJEMBES,SEASHELLS,13336.0,10
10059,1536100,Paris,Caesar,DJEMBES,SEASHELLS,13338.0,5
10069,1536500,Paris,Caesar,DJEMBES,SEASHELLS,13337.0,4
10186,1543900,Caesar,Paris,DJEMBES,SEASHELLS,13328.0,1
10189,1544300,Caesar,Paris,DJEMBES,SEASHELLS,13326.0,3
10203,1544900,Paris,Caesar,DJEMBES,SEASHELLS,13324.0,3
10210,1545400,Caesar,Camilla,DJEMBES,SEASHELLS,13312.0,11
10211,1545400,Paris,Caesar,DJEMBES,SEASHELLS,13314.0,4
10228,1546200,Paris,Caesar,DJEMBES,SEASHELLS,13314.0,1
10314,1550000,Paris,Caesar,DJEMBES,SEASHELLS,13307.0,1
10327,1550500,Paris,Caesar,DJEMBES,SEASHELLS,13307.0,5
10336,1551100,Caesar,Camilla,DJEMBES,SEASHELLS,13305.0,3
10364,1553200,Caesar,Paris,DJEMBES,SEASHELLS,13322.0,2
10365,1553600,Caesar,Paris,DJEMBES,SEASHELLS,13326.0,3
10370,1553800,Caesar,Paris,DJEMBES,SEASHELLS,13325.0,5
10385,1555000,Caesar,Paris,DJEMBES,SEASHELLS,13328.0,2
10386,1555100,Caesar,Paris,DJEMBES,SEASHELLS,13328.0,5
10434,1558400,Paris,Caesar,DJEMBES,SEASHELLS,13338.0,2
10435,1558500,Caesar,Paris,DJEMBES,SEASHELLS,13338.0,3
10498,1560900,Paris,Caesar,DJEMBES,SEASHELLS,13343.0,2
10504,1561700,Caesar,Paris,DJEMBES,SEASHELLS,13343.0,3
10542,1563600,Paris,Caesar,DJEMBES,SEASHELLS,13348.0,2
10549,1564500,Paris,Caesar,DJEMBES,SEASHELLS,13353.0,4
10587,1565900,Caesar,Camilla,DJEMBES,SEASHELLS,13351.0,4
10588,1565900,Paris,Caesar,DJEMBES,SEASHELLS,13352.0,4
10601,1566400,Caesar,Paris,DJEMBES,SEASHELLS,13351.0,1
10633,1569100,Paris,Caesar,DJEMBES,SEASHELLS,13339.0,2
10634,1569200,Caesar,Camilla,DJEMBES,SEASHELLS,13338.0,9
10635,1569200,Caesar,Paris,DJEMBES,SEASHELLS,13338.0,5
10646,1569400,Paris,Caesar,DJEMBES,SEASHELLS,13336.0,3
10669,1570300,Paris,Caesar,DJEMBES,SEASHELLS,13333.0,3
10683,1570700,Paris,Caesar,DJEMBES,SEASHELLS,13328.0,4
10698,1571600,Caesar,Paris,DJEMBES,SEASHELLS,13329.0,2
10705,1571800,Caesar,Paris,DJEMBES,SEASHELLS,13332.0,4
10714,1572600,Paris,Camilla,DJEMBES,SEASHELLS,13335.0,1
10717,1572900,Paris,Caesar,DJEMBES,SEASHELLS,13327.0,5
10718,1573100,Caesar,Paris,DJEMBES,SEASHELLS,13324.0,2
10726,1574100,Caesar,Paris,DJEMBES,SEASHELLS,13327.0,5
10730,1574300,Caesar,Paris,DJEMBES,SEASHELLS,13327.0,1
10812,1578900,Paris,Caesar,DJEMBES,SEASHELLS,13332.0,4
10814,1579100,Paris,Caesar,DJEMBES,SEASHELLS,13331.0,5
10815,1579300,Caesar,Paris,DJEMBES,SEASHELLS,13330.0,3
10839,1580100,Paris,Caesar,DJEMBES,SEASHELLS,13315.0,3
10862,1581100,Caesar,Camilla,DJEMBES,SEASHELLS,13316.0,4
10913,1583800,Caesar,Camilla,DJEMBES,SEASHELLS,13309.0,5
10944,1585500,Paris,Caesar,DJEMBES,SEASHELLS,13315.0,5
10953,1586300,Paris,Caesar,DJEMBES,SEASHELLS,13319.0,4
10956,1586400,Paris,Caesar,DJEMBES,SEASHELLS,13319.0,4
10961,1586600,Paris,Caesar,DJEMBES,SEASHELLS,13319.0,1
10979,1587500,Caesar,Paris,DJEMBES,SEASHELLS,13311.0,2
10988,1587900,Paris,Caesar,DJEMBES,SEASHELLS,13310.0,5
11025,1590200,Caesar,Paris,DJEMBES,SEASHELLS,13306.0,1
11052,1591700,Paris,Caesar,DJEMBES,SEASHELLS,13302.0,3
11054,1591800,Caesar,Camilla,DJEMBES,SEASHELLS,13301.0,9
11069,1592400,Caesar,Paris,DJEMBES,SEASHELLS,13299.0,4
11092,1593700,Caesar,Camilla,DJEMBES,SEASHELLS,13294.0,6
11099,1594000,Paris,Caesar,DJEMBES,SEASHELLS,13293.0,1
11108,1594600,Caesar,Paris,DJEMBES,SEASHELLS,13293.0,5
11121,1595400,Paris,Caesar,DJEMBES,SEASHELLS,13291.0,3
11125,1595600,Paris,Caesar,DJEMBES,SEASHELLS,13286.0,1
11166,1597100,Caesar,Camilla,DJEMBES,SEASHELLS,13291.0,8
11176,1597600,Paris,Caesar,DJEMBES,SEASHELLS,13293.0,2
11204,1599600,Caesar,Paris,DJEMBES,SEASHELLS,13300.0,1
11206,1599800,Caesar,Camilla,DJEMBES,SEASHELLS,13300.0,11
11207,1599900,Caesar,Paris,DJEMBES,SEASHELLS,13302.0,3
11215,1600100,Paris,Caesar,DJEMBES,SEASHELLS,13299.0,2
11219,1600600,Caesar,Paris,DJEMBES,SEASHELLS,13295.0,3
11241,1602200,Caesar,Paris,DJEMBES,SEASHELLS,13295.0,5
11266,1603300,Caesar,Paris,DJEMBES,SEASHELLS,13287.0,1
11267,1603700,Paris,Caesar,DJEMBES,SEASHELLS,13283.0,2
11269,1603900,Paris,Caesar,DJEMBES,SEASHELLS,13285.0,3
11284,1604900,Paris,Caesar,DJEMBES,SEASHELLS,13286.0,1
11294,1605600,Caesar,Paris,DJEMBES,SEASHELLS,13287.0,1
11304,1605900,Paris,Caesar,DJEMBES,SEASHELLS,13285.0,2
11348,1607100,Paris,Caesar,DJEMBES,SEASHELLS,13275.0,4
11351,1607400,Paris,Caesar,DJEMBES,SEASHELLS,13273.0,1
11402,1610200,Caesar,Paris,DJEMBES,SEASHELLS,13265.0,1
11414,1610500,Paris,Caesar,DJEMBES,SEASHELLS,13265.0,5
11433,1611900,Caesar,Camilla,DJEMBES,SEASHELLS,13266.0,7
11504,1614800,Caesar,Paris,DJEMBES,SEASHELLS,13262.0,3
11527,1615700,Caesar,Paris,DJEMBES,SEASHELLS,13252.0,3
11539,1615900,Caesar,Paris,DJEMBES,SEASHELLS,13252.0,3
11544,1616400,Caesar,Camilla,DJEMBES,SEASHELLS,13257.0,4
11545,1616400,Paris,Caesar,DJEMBES,SEASHELLS,13258.0,3
11549,1616600,Paris,Caesar,DJEMBES,SEASHELLS,13257.0,1
11555,1616800,Paris,Caesar,DJEMBES,SEASHELLS,13260.0,2
11572,1617700,Caesar,Paris,DJEMBES,SEASHELLS,13249.0,4
11591,1618800,Caesar,Paris,DJEMBES,SEASHELLS,13251.0,3
11603,1619400,Paris,Caesar,DJEMBES,SEASHELLS,13258.0,5
11604,1619500,Paris,Caesar,DJEMBES,SEASHELLS,13258.0,1
11613,1619900,Caesar,Camilla,DJEMBES,SEASHELLS,13256.0,11
11640,1622300,Paris,Caesar,DJEMBES,SEASHELLS,13261.0,1
11673,1624000,Caesar,Paris,DJEMBES,SEASHELLS,13270.0,2
11676,1624100,Paris,Caesar,DJEMBES,SEASHELLS,13272.0,3
11715,1625500,Caesar,Paris,DJEMBES,SEASHELLS,13277.0,5
11744,1626500,Paris,Caesar,DJEMBES,SEASHELLS,13285.0,2
11755,1627100,Caesar,Paris,DJEMBES,SEASHELLS,13285.0,3
11777,1628300,Paris,Caesar,DJEMBES,SEASHELLS,13278.0,3
11784,1629000,Paris,Caesar,DJEMBES,SEASHELLS,13277.0,2
11799,1629900,Caesar,Paris,DJEMBES,SEASHELLS,13280.0,3
11819,1630900,Caesar,Camilla,DJEMBES,SEASHELLS,13285.0,6
11829,1631300,Paris,Caesar,DJEMBES,SEASHELLS,13290.0,1
11841,1631900,Caesar,Paris,DJEMBES,SEASHELLS,13289.0,4
11854,1633400,Caesar,Camilla,DJEMBES,SEASHELLS,13297.0,5
11857,1633700,Caesar,Paris,DJEMBES,SEASHELLS,13297.0,2
11863,1634300,Caesar,Paris,DJEMBES,SEASHELLS,13298.0,5
11871,1634600,Caesar,Paris,DJEMBES,SEASHELLS,13298.0,3
11933,1637900,Caesar,Paris,DJEMBES,SEASHELLS,13301.0,4
11946,1638000,Caesar,Paris,DJEMBES,SEASHELLS,13301.0,2
11958,1639100,Caesar,Paris,DJEMBES,SEASHELLS,13312.0,4
11962,1639600,Caesar,Paris,DJEMBES,SEASHELLS,13309.0,4
11968,1640000,Caesar,Paris,DJEMBES,SEASHELLS,13305.0,3
11996,1641700,Caesar,Camilla,DJEMBES,SEASHELLS,13300.0,6
12013,1642200,Paris,Caesar,DJEMBES,SEASHELLS,13298.0,4
12020,1642800,Caesar,Paris,DJEMBES,SEASHELLS,13295.0,3
12021,1642900,Caesar,Paris,DJEMBES,SEASHELLS,13296.0,1
12047,1644300,Paris,Caesar,DJEMBES,SEASHELLS,13299.0,2
12054,1644700,Paris,Caesar,DJEMBES,SEASHELLS,13299.0,3
12058,1645200,Caesar,Paris,DJEMBES,SEASHELLS,13297.0,3
12068,1645600,Caesar,Paris,DJEMBES,SEASHELLS,13294.0,2
12129,1650200,Caesar,Paris,DJEMBES,SEASHELLS,13294.0,3
12133,1650400,Paris,Caesar,DJEMBES,SEASHELLS,13295.0,1
12143,1651000,Paris,Caesar,DJEMBES,SEASHELLS,13292.0,2
12164,1651500,Caesar,Paris,DJEMBES,SEASHELLS,13289.0,1
12208,1654100,Caesar,Paris,DJEMBES,SEASHELLS,13285.0,2
12209,1654200,Paris,Caesar,DJEMBES,SEASHELLS,13286.0,2
12214,1654500,Caesar,Paris,DJEMBES,SEASHELLS,13281.0,1
12217,1654900,Paris,Caesar,DJEMBES,SEASHELLS,13287.0,2
12220,1655100,Caesar,Paris,DJEMBES,SEASHELLS,13286.0,5
12229,1655800,Caesar,Paris,DJEMBES,SEASHELLS,13285.0,3
12232,1656000,Caesar,Paris,DJEMBES,SEASHELLS,13284.0,5
12237,1656100,Paris,Caesar,DJEMBES,SEASHELLS,13283.0,2
12255,1657300,Caesar,Paris,DJEMBES,SEASHELLS,13283.0,4
12265,1657900,Paris,Caesar,DJEMBES,SEASHELLS,13283.0,2
12270,1658400,Caesar,Camilla,DJEMBES,SEASHELLS,13286.0,5
12274,1658500,Caesar,Paris,DJEMBES,SEASHELLS,13288.0,1
12284,1659700,Paris,Caesar,DJEMBES,SEASHELLS,13290.0,4
12329,1662400,Caesar,Paris,DJEMBES,SEASHELLS,13287.0,5
12344,1663900,Paris,Caesar,DJEMBES,SEASHELLS,13287.0,4
12348,1664400,Paris,Caesar,DJEMBES,SEASHELLS,13288.0,2
12357,1664900,Caesar,Paris,DJEMBES,SEASHELLS,13286.0,2
12367,1665600,Paris,Caesar,DJEMBES,SEASHELLS,13287.0,3
12382,1666300,Caesar,Camilla,DJEMBES,SEASHELLS,13284.0,6
12387,1666500,Paris,Caesar,DJEMBES,SEASHELLS,13287.0,5
12396,1666900,Caesar,Paris,DJEMBES,SEASHELLS,13287.0,2
12408,1667500,Caesar,Paris,DJEMBES,SEASHELLS,13284.0,5
12409,1667600,Caesar,Paris,DJEMBES,SEASHELLS,13284.0,3
12466,1670200,Caesar,Paris,DJEMBES,SEASHELLS,13278.0,5
12473,1670900,Paris,Caesar,DJEMBES,SEASHELLS,13282.0,4
12498,1673000,Paris,Caesar,DJEMBES,SEASHELLS,13281.0,4
12509,1674100,Caesar,Paris,DJEMBES,SEASHELLS,13273.0,1
12517,1674900,Caesar,Paris,DJEMBES,SEASHELLS,13271.0,3
12534,1675900,Caesar,Paris,DJEMBES,SEASHELLS,13277.0,1
12566,1677300,Caesar,Paris,DJEMBES,SEASHELLS,13271.0,3
12597,1678400,Caesar,Paris,DJEMBES,SEASHELLS,13267.0,3
12617,1679600,Caesar,Paris,DJEMBES,SEASHELLS,13268.0,4
12629,1680400,Paris,Caesar,DJEMBES,SEASHELLS,13263.0,1
12654,1681900,Caesar,Paris,DJEMBES,SEASHELLS,13264.0,4
12663,1682300,Caesar,Paris,DJEMBES,SEASHELLS,13269.0,3
12743,1687000,Caesar,Camilla,DJEMBES,SEASHELLS,13279.0,5
12763,1688300,Paris,Caesar,DJEMBES,SEASHELLS,13283.0,1
12783,1688900,Paris,Caesar,DJEMBES,SEASHELLS,13283.0,1
12805,1690000,Caesar,Paris,DJEMBES,SEASHELLS,13276.0,2
12809,1690500,Caesar,Camilla,DJEMBES,SEASHELLS,13274.0,3
12813,1690900,Caesar,Paris,DJEMBES,SEASHELLS,13274.0,3
12829,1692500,Caesar,Camilla,DJEMBES,SEASHELLS,13273.0,5
12845,1693700,Paris,Caesar,DJEMBES,SEASHELLS,13275.0,3
12851,1694100,Caesar,Camilla,DJEMBES,SEASHELLS,13274.0,4
12852,1694100,Caesar,Paris,DJEMBES,SEASHELLS,13274.0,3
12858,1694700,Caesar,Paris,DJEMBES,SEASHELLS,13273.0,2
12876,1695600,Caesar,Paris,DJEMBES,SEASHELLS,13278.0,1
12891,1697000,Caesar,Paris,DJEMBES,SEASHELLS,13277.0,1
12901,1697200,Caesar,Paris,DJEMBES,SEASHELLS,13278.0,3
12918,1699300,Paris,Caesar,DJEMBES,SEASHELLS,13276.0,4
12924,1699500,Caesar,Camilla,DJEMBES,SEASHELLS,13276.0,9
12934,1700700,Caesar,Paris,DJEMBES,SEASHELLS,13274.0,4
12937,1700900,Caesar,Paris,DJEMBES,SEASHELLS,13274.0,1
12938,1701100,Caesar,Paris,DJEMBES,SEASHELLS,13273.0,1
12944,1701900,Paris,Caesar,DJEMBES,SEASHELLS,13274.0,5
12977,1703500,Paris,Caesar,DJEMBES,SEASHELLS,13274.0,4
13042,1706500,Caesar,Paris,DJEMBES,SEASHELLS,13281.0,1
13060,1707200,Caesar,Paris,DJEMBES,SEASHELLS,13287.0,4
13065,1707700,Paris,Caesar,DJEMBES,SEASHELLS,13289.0,2
13097,1709800,Caesar,Paris,DJEMBES,SEASHELLS,13291.0,1
13105,1710400,Caesar,Paris,DJEMBES,SEASHELLS,13288.0,1
13123,1711400,Caesar,Paris,DJEMBES,SEASHELLS,13284.0,2
13128,1711800,Paris,Caesar,DJEMBES,SEASHELLS,13284.0,2
13131,1711900,Paris,Caesar,DJEMBES,SEASHELLS,13287.0,4
13135,1712500,Caesar,Paris,DJEMBES,SEASHELLS,13290.0,5
13141,1712900,Paris,Caesar,DJEMBES,SEASHELLS,13290.0,4
13156,1713600,Paris,Caesar,DJEMBES,SEASHELLS,13289.0,5
13157,1713700,Caesar,Paris,DJEMBES,SEASHELLS,13289.0,5
13162,1714000,Caesar,Paris,DJEMBES,SEASHELLS,13288.0,1
13188,1716100,Caesar,Paris,DJEMBES,SEASHELLS,13288.0,3
13193,1716500,Caesar,Camilla,DJEMBES,SEASHELLS,13290.0,6
13243,1719800,Caesar,Paris,DJEMBES,SEASHELLS,13282.0,5
13257,1720200,Caesar,Paris,DJEMBES,SEASHELLS,13282.0,1
13290,1721600,Caesar,Paris,DJEMBES,SEASHELLS,13280.0,5
13299,1722100,Caesar,Camilla,DJEMBES,SEASHELLS,13278.0,7
13306,1722400,Caesar,Camilla,DJEMBES,SEASHELLS,13277.0,11
13360,1724900,Caesar,Camilla,DJEMBES,SEASHELLS,13272.0,9
13365,1725100,Caesar,Camilla,DJEMBES,SEASHELLS,13271.0,5
13373,1725400,Paris,Caesar,DJEMBES,SEASHELLS,13274.0,1
13384,1725900,Caesar,Paris,DJEMBES,SEASHELLS,13271.0,1
13419,1728300,Caesar,Paris,DJEMBES,SEASHELLS,13267.0,4
13441,1730200,Caesar,Paris,DJEMBES,SEASHELLS,13275.0,2
13454,1730700,Paris,Caesar,DJEMBES,SEASHELLS,13275.0,2
13477,1733100,Caesar,Paris,DJEMBES,SEASHELLS,13268.0,3
13495,1733800,Caesar,Paris,DJEMBES,SEASHELLS,13269.0,5
13520,1735200,Caesar,Paris,DJEMBES,SEASHELLS,13264.0,5
13567,1737900,Paris,Caesar,DJEMBES,SEASHELLS,13278.0,4
13601,1740400,Paris,Caesar,DJEMBES,SEASHELLS,13283.0,5
13611,1741200,Paris,Caesar,DJEMBES,SEASHELLS,13284.0,4
13630,1741700,Paris,Caesar,DJEMBES,SEASHELLS,13284.0,1
13659,1743200,Caesar,Paris,DJEMBES,SEASHELLS,13283.0,5
13665,1743700,Paris,Caesar,DJEMBES,SEASHELLS,13286.0,1
13671,1743800,Caesar,Paris,DJEMBES,SEASHELLS,13285.0,5
13682,1744400,Paris,Caesar,DJEMBES,SEASHELLS,13284.0,2
13688,1744700,Paris,Caesar,DJEMBES,SEASHELLS,13284.0,2
13693,1745300,Paris,Caesar,DJEMBES,SEASHELLS,13286.0,1
13704,1746300,Paris,Caesar,DJEMBES,SEASHELLS,13284.0,2
13708,1746600,Paris,Caesar,DJEMBES,SEASHELLS,13286.0,5
13718,1747200,Paris,Caesar,DJEMBES,SEASHELLS,13285.0,2
13719,1747300,Caesar,Paris,DJEMBES,SEASHELLS,13284.0,5
13734,1748500,Caesar,Paris,DJEMBES,SEASHELLS,13281.0,3
13770,1749800,Caesar,Paris,DJEMBES,SEASHELLS,13283.0,4
13789,1750600,Paris,Caesar,DJEMBES,SEASHELLS,13284.0,4
13826,1753700,Paris,Caesar,DJEMBES,SEASHELLS,13280.0,4
13835,1754200,Caesar,Paris,DJEMBES,SEASHELLS,13278.0,5
13841,1754700,Paris,Caesar,DJEMBES,SEASHELLS,13277.0,1
13845,1755100,Caesar,Paris,DJEMBES,SEASHELLS,13276.0,3
13865,1756700,Caesar,Paris,DJEMBES,SEASHELLS,13284.0,3
13868,1756900,Paris,Caesar,DJEMBES,SEASHELLS,13287.0,4
13895,1758200,Paris,Caesar,DJEMBES,SEASHELLS,13292.0,4
13898,1758500,Paris,Caesar,DJEMBES,SEASHELLS,13292.0,1
13938,1761500,Caesar,Paris,DJEMBES,SEASHELLS,13295.0,4
13958,1762900,Caesar,Paris,DJEMBES,SEASHELLS,13301.0,3
13971,1763900,Caesar,Paris,DJEMBES,SEASHELLS,13301.0,4
13978,1764400,Caesar,Camilla,DJEMBES,SEASHELLS,13299.0,11
13981,1764600,Caesar,Paris,DJEMBES,SEASHELLS,13300.0,1
13989,1764900,Caesar,Paris,DJEMBES,SEASHELLS,13302.0,5
14025,1767000,Paris,Caesar,DJEMBES,SEASHELLS,13316.0,1
14055,1768500,Paris,Caesar,DJEMBES,SEASHELLS,13314.0,4
14088,1770100,Paris,Caesar,DJEMBES,SEASHELLS,13319.0,4
14104,1770900,Caesar,Paris,DJEMBES,SEASHELLS,13313.0,3
14109,1771000,Caesar,Paris,DJEMBES,SEASHELLS,13313.0,5
14110,1771100,Caesar,Paris,DJEMBES,SEASHELLS,13311.0,5
14117,1771600,Paris,Caesar,DJEMBES,SEASHELLS,13318.0,2
14120,1771700,Caesar,Paris,DJEMBES,SEASHELLS,13317.0,2
14133,1772600,Paris,Caesar,DJEMBES,SEASHELLS,13316.0,2
14136,1773100,Paris,Caesar,DJEMBES,SEASHELLS,13311.0,1
14150,1774300,Paris,Caesar,DJEMBES,SEASHELLS,13321.0,4
14157,1774900,Paris,Caesar,DJEMBES,SEASHELLS,13323.0,1
14158,1775100,Paris,Caesar,DJEMBES,SEASHELLS,13324.0,5
14173,1775700,Caesar,Paris,DJEMBES,SEASHELLS,13325.0,3
14182,1776100,Paris,Caesar,DJEMBES,SEASHELLS,13329.0,4
14183,1776300,Caesar,Paris,DJEMBES,SEASHELLS,13325.0,5
14199,1777800,Caesar,Paris,DJEMBES,SEASHELLS,13330.0,5
14217,1778600,Paris,Caesar,DJEMBES,SEASHELLS,13337.0,4
14234,1779200,Caesar,Paris,DJEMBES,SEASHELLS,13332.0,5
14245,1780300,Caesar,Paris,DJEMBES,SEASHELLS,13331.0,4
14334,1784000,Paris,Caesar,DJEMBES,SEASHELLS,13318.0,5
14387,1787900,Paris,Caesar,DJEMBES,SEASHELLS,13333.0,5
14400,1789300,Caesar,Paris,DJEMBES,SEASHELLS,13335.0,2
14406,1789800,Caesar,Paris,DJEMBES,SEASHELLS,13334.0,5
14437,1791900,Paris,Caesar,DJEMBES,SEASHELLS,13341.0,1
14446,1792500,Caesar,Paris,DJEMBES,SEASHELLS,13341.0,2
14450,1793200,Caesar,Paris,DJEMBES,SEASHELLS,13343.0,5
14463,1793700,Paris,Caesar,DJEMBES,SEASHELLS,13342.0,3
