,timestamp,buyer,seller,symbol,currency,price,quantity
3,200,Paris,Caesar,JAMS,SEASHELLS,6520.0,7
15,1000,Paris,Caesar,JAMS,SEASHELLS,6522.0,4
16,1200,Caesar,Paris,JAMS,SEASHELLS,6521.0,9
32,2500,Paris,Caesar,JAMS,SEASHELLS,6522.0,6
33,2800,Caesar,Paris,JAMS,SEASHELLS,6520.0,9
34,2900,Caesar,Paris,JAMS,SEASHELLS,6520.0,10
57,4600,Caesar,Camilla,JAMS,SEASHELLS,6523.0,10
74,5500,Caesar,Camilla,JAMS,SEASHELLS,6522.0,4
91,6200,Caesar,Camilla,JAMS,SEASHELLS,6524.0,3
96,6800,Caesar,Paris,JAMS,SEASHELLS,6525.0,5
104,7300,Caesar,Paris,JAMS,SEASHELLS,6526.0,8
108,7500,Paris,Caesar,JAMS,SEASHELLS,6527.0,7
117,7900,Caesar,Paris,JAMS,SEASHELLS,6526.0,5
119,8200,Caesar,Paris,JAMS,SEASHELLS,6524.0,5
128,9300,Caesar,Camilla,JAMS,SEASHELLS,6525.0,9
143,9900,Paris,Caesar,JAMS,SEASHELLS,6521.0,5
149,10100,Paris,Caesar,JAMS,SEASHELLS,6519.0,4
159,10800,Caesar,Paris,JAMS,SEASHELLS,6517.0,8
183,13000,Caesar,Camilla,JAMS,SEASHELLS,6527.0,8
186,13300,Paris,Caesar,JAMS,SEASHELLS,6529.0,8
202,14300,Caesar,Paris,JAMS,SEASHELLS,6529.0,5
204,14400,Paris,Caesar,JAMS,SEASHELLS,6530.0,6
220,15200,Paris,Caesar,JAMS,SEASHELLS,6529.0,5
310,20800,Caesar,Paris,JAMS,SEASHELLS,6532.0,4
346,22400,Caesar,Paris,JAMS,SEASHELLS,6525.0,9
366,23100,Paris,Caesar,JAMS,SEASHELLS,6530.0,8
370,23600,Caesar,Camilla,JAMS,SEASHELLS,6533.0,3
377,24000,Caesar,Paris,JAMS,SEASHELLS,6533.0,9
390,24600,Caesar,Paris,JAMS,SEASHELLS,6534.0,8
400,25800,Paris,Caesar,JAMS,SEASHELLS,6536.0,4
418,26900,Caesar,Camilla,JAMS,SEASHELLS,6531.0,8
426,27500,Caesar,Camilla,JAMS,SEASHELLS,6530.0,12
453,29500,Paris,Caesar,JAMS,SEASHELLS,6536.0,8
467,30000,Paris,Caesar,JAMS,SEASHELLS,6536.0,8
469,30100,Paris,Caesar,JAMS,SEASHELLS,6536.0,10
481,30800,Caesar,Paris,JAMS,SEASHELLS,6531.0,9
484,30900,Paris,Caesar,JAMS,SEASHELLS,6532.0,6
486,31000,Caesar,Camilla,JAMS,SEASHELLS,6531.0,9
514,32400,Caesar,Paris,JAMS,SEASHELLS,6532.0,8
537,33800,Paris,Caesar,JAMS,SEASHELLS,6533.0,10
554,35100,Paris,Caesar,JAMS,SEASHELLS,6534.0,8
555,35200,Paris,Caesar,JAMS,SEASHELLS,6534.0,7
563,35500,Caesar,Paris,JAMS,SEASHELLS,6532.0,7
569,35800,Caesar,Camilla,JAMS,SEASHELLS,6531.0,3
570,35900,Paris,Caesar,JAMS,SEASHELLS,6532.0,5
571,36000,Caesar,Camilla,JAMS,SEASHELLS,6531.0,3
591,37300,Caesar,Camilla,JAMS,SEASHELLS,6530.0,9
598,37800,Caesar,Camilla,JAMS,SEASHELLS,6528.0,4
618,39400,Caesar,Paris,JAMS,SEASHELLS,6530.0,8
625,40100,Caesar,Paris,JAMS,SEASHELLS,6534.0,4
627,40200,Caesar,Paris,JAMS,SEASHELLS,6532.0,8
636,41200,Caesar,Paris,JAMS,SEASHELLS,6532.0,10
650,41900,Caesar,Paris,JAMS,SEASHELLS,6529.0,8
651,42000,Caesar,Camilla,JAMS,SEASHELLS,6529.0,5
674,43800,Caesar,Paris,JAMS,SEASHELLS,6522.0,10
679,44800,Caesar,Paris,JAMS,SEASHELLS,6529.0,4
719,47100,Caesar,Camilla,JAMS,SEASHELLS,6528.0,3
730,47600,Paris,Caesar,JAMS,SEASHELLS,6530.0,9
738,48000,Paris,Caesar,JAMS,SEASHELLS,6528.0,10
739,48200,Caesar,Paris,JAMS,SEASHELLS,6527.0,4
762,49000,Paris,Caesar,JAMS,SEASHELLS,6527.0,5
775,49400,Paris,Caesar,JAMS,SEASHELLS,6527.0,8
778,49500,Caesar,Camilla,JAMS,SEASHELLS,6526.0,6
781,50000,Paris,Caesar,JAMS,SEASHELLS,6529.0,6
870,54300,Paris,Caesar,JAMS,SEASHELLS,6540.0,6
872,54500,Caesar,Camilla,JAMS,SEASHELLS,6540.0,12
877,55000,Paris,Caesar,JAMS,SEASHELLS,6540.0,8
879,55100,Caesar,Paris,JAMS,SEASHELLS,6539.0,9
882,55400,Paris,Caesar,JAMS,SEASHELLS,6540.0,5
917,56900,Caesar,Camilla,JAMS,SEASHELLS,6531.0,5
964,58600,Caesar,Paris,JAMS,SEASHELLS,6529.0,6
967,58700,Paris,Caesar,JAMS,SEASHELLS,6531.0,4
973,58800,Paris,Caesar,JAMS,SEASHELLS,6530.0,8
988,59700,Caesar,Paris,JAMS,SEASHELLS,6529.0,8
1008,60300,Paris,Caesar,JAMS,SEASHELLS,6535.0,9
1017,61200,Paris,Caesar,JAMS,SEASHELLS,6539.0,4
1020,61300,Paris,Caesar,JAMS,SEASHELLS,6539.0,10
1023,61500,Caesar,Paris,JAMS,SEASHELLS,6537.0,9
1024,61600,Caesar,Paris,JAMS,SEASHELLS,6538.0,4
1028,62000,Paris,Caesar,JAMS,SEASHELLS,6542.0,10
1067,64400,Caesar,Camilla,JAMS,SEASHELLS,6535.0,6
1086,65300,Caesar,Paris,JAMS,SEASHELLS,6537.0,10
1144,67900,Caesar,Camilla,JAMS,SEASHELLS,6540.0,10
1153,68200,Paris,Caesar,JAMS,SEASHELLS,6542.0,4
1188,71200,Caesar,Paris,JAMS,SEASHELLS,6543.0,7
1218,72700,Paris,Caesar,JAMS,SEASHELLS,6544.0,7
1231,73100,Caesar,Paris,JAMS,SEASHELLS,6542.0,8
1236,73600,Caesar,Paris,JAMS,SEASHELLS,6544.0,8
1284,76000,Caesar,Paris,JAMS,SEASHELLS,6542.0,6
1315,78200,Caesar,Camilla,JAMS,SEASHELLS,6539.0,7
1364,80900,Caesar,Paris,JAMS,SEASHELLS,6537.0,7
1385,81900,Caesar,Camilla,JAMS,SEASHELLS,6536.0,6
1404,82800,Caesar,Paris,JAMS,SEASHELLS,6536.0,7
1411,83500,Caesar,Paris,JAMS,SEASHELLS,6534.0,8
1420,83900,Caesar,Paris,JAMS,SEASHELLS,6534.0,5
1444,85200,Caesar,Paris,JAMS,SEASHELLS,6535.0,9
1457,85600,Paris,Caesar,JAMS,SEASHELLS,6537.0,8
1463,86000,Paris,Caesar,JAMS,SEASHELLS,6534.0,4
1465,86400,Paris,Caesar,JAMS,SEASHELLS,6532.0,8
1466,86500,Caesar,Paris,JAMS,SEASHELLS,6530.0,4
1468,86700,Caesar,Paris,JAMS,SEASHELLS,6531.0,5
1484,87300,Caesar,Camilla,JAMS,SEASHELLS,6533.0,11
1485,87300,Caesar,Paris,JAMS,SEASHELLS,6533.0,5
1486,87400,Caesar,Paris,JAMS,SEASHELLS,6534.0,7
1492,87800,Caesar,Paris,JAMS,SEASHELLS,6535.0,7
1497,88000,Caesar,Camilla,JAMS,SEASHELLS,6535.0,3
1508,88600,Caesar,Camilla,JAMS,SEASHELLS,6536.0,3
1517,89100,Paris,Caesar,JAMS,SEASHELLS,6537.0,6
1529,89900,Caesar,Paris,JAMS,SEASHELLS,6534.0,4
1543,90500,Caesar,Camilla,JAMS,SEASHELLS,6532.0,7
1546,90700,Caesar,Camilla,JAMS,SEASHELLS,6532.0,4
1567,91200,Paris,Camilla,JAMS,SEASHELLS,6533.0,8
1579,91600,Paris,Caesar,JAMS,SEASHELLS,6538.0,7
1587,91900,Paris,Caesar,JAMS,SEASHELLS,6538.0,6
1595,92400,Caesar,Paris,JAMS,SEASHELLS,6536.0,7
1624,93900,Caesar,Camilla,JAMS,SEASHELLS,6538.0,10
1634,94100,Paris,Caesar,JAMS,SEASHELLS,6539.0,9
1641,94600,Caesar,Paris,JAMS,SEASHELLS,6537.0,6
1649,95500,Paris,Caesar,JAMS,SEASHELLS,6538.0,8
1652,95600,Paris,Caesar,JAMS,SEASHELLS,6538.0,4
1653,95800,Caesar,Paris,JAMS,SEASHELLS,6536.0,7
1661,96400,Paris,Caesar,JAMS,SEASHELLS,6540.0,5
1669,97400,Caesar,Paris,JAMS,SEASHELLS,6537.0,9
1684,98000,Caesar,Paris,JAMS,SEASHELLS,6541.0,9
1701,99200,Paris,Caesar,JAMS,SEASHELLS,6547.0,5
1702,99300,Caesar,Camilla,JAMS,SEASHELLS,6545.0,4
1726,101300,Caesar,Paris,JAMS,SEASHELLS,6541.0,5
1767,103100,Caesar,Paris,JAMS,SEASHELLS,6545.0,5
1813,105400,Caesar,Paris,JAMS,SEASHELLS,6544.0,9
1825,106000,Caesar,Paris,JAMS,SEASHELLS,6545.0,6
1846,107100,Paris,Caesar,JAMS,SEASHELLS,6547.0,8
1881,109400,Camilla,Paris,JAMS,SEASHELLS,6545.0,9
1890,109900,Paris,Caesar,JAMS,SEASHELLS,6546.0,5
1895,110000,Paris,Caesar,JAMS,SEASHELLS,6546.0,4
1921,111800,Paris,Caesar,JAMS,SEASHELLS,6545.0,6
1941,113100,Paris,Caesar,JAMS,SEASHELLS,6543.0,4
1997,115500,Paris,Caesar,JAMS,SEASHELLS,6552.0,4
2024,117000,Paris,Caesar,JAMS,SEASHELLS,6553.0,7
2045,118400,Caesar,Camilla,JAMS,SEASHELLS,6552.0,9
2058,119900,Caesar,Paris,JAMS,SEASHELLS,6550.0,10
2066,120400,Caesar,Paris,JAMS,SEASHELLS,6551.0,5
2081,121300,Caesar,Paris,JAMS,SEASHELLS,6545.0,6
2111,123400,Caesar,Camilla,JAMS,SEASHELLS,6545.0,9
2115,123700,Caesar,Paris,JAMS,SEASHELLS,6545.0,9
2121,124400,Caesar,Paris,JAMS,SEASHELLS,6544.0,9
2160,127200,Caesar,Paris,JAMS,SEASHELLS,6545.0,10
2167,127300,Caesar,Paris,JAMS,SEASHELLS,6545.0,9
2191,128300,Caesar,Paris,JAMS,SEASHELLS,6543.0,5
2234,130500,Caesar,Paris,JAMS,SEASHELLS,6535.0,5
2277,133000,Caesar,Paris,JAMS,SEASHELLS,6536.0,8
2278,133100,Caesar,Paris,JAMS,SEASHELLS,6536.0,5
2292,134000,Caesar,Camilla,JAMS,SEASHELLS,6537.0,7
2310,134800,Caesar,Camilla,JAMS,SEASHELLS,6531.0,10
2327,135500,Caesar,Paris,JAMS,SEASHELLS,6534.0,6
2329,135800,Caesar,Camilla,JAMS,SEASHELLS,6534.0,12
2330,135800,Caesar,Paris,JAMS,SEASHELLS,6534.0,9
2331,136500,Caesar,Camilla,JAMS,SEASHELLS,6532.0,9
2353,137100,Caesar,Paris,JAMS,SEASHELLS,6533.0,6
2373,138400,Caesar,Paris,JAMS,SEASHELLS,6533.0,5
2381,139500,Caesar,Paris,JAMS,SEASHELLS,6535.0,5
2382,139600,Paris,Caesar,JAMS,SEASHELLS,6537.0,9
2402,140400,Caesar,Paris,JAMS,SEASHELLS,6533.0,9
2415,141100,Caesar,Paris,JAMS,SEASHELLS,6534.0,6
2425,141800,Caesar,Camilla,JAMS,SEASHELLS,6535.0,7
2434,142200,Caesar,Paris,JAMS,SEASHELLS,6533.0,10
2458,143700,Paris,Caesar,JAMS,SEASHELLS,6533.0,5
2462,143900,Paris,Caesar,JAMS,SEASHELLS,6533.0,8
2507,145900,Caesar,Camilla,JAMS,SEASHELLS,6529.0,6
2518,146000,Paris,Caesar,JAMS,SEASHELLS,6531.0,10
2525,146200,Caesar,Paris,JAMS,SEASHELLS,6529.0,10
2526,146300,Paris,Caesar,JAMS,SEASHELLS,6530.0,5
2558,149400,Caesar,Paris,JAMS,SEASHELLS,6525.0,7
2575,150800,Caesar,Camilla,JAMS,SEASHELLS,6527.0,3
2578,151400,Caesar,Camilla,JAMS,SEASHELLS,6525.0,3
2604,153100,Caesar,Camilla,JAMS,SEASHELLS,6522.0,9
2605,153200,Paris,Camilla,JAMS,SEASHELLS,6522.0,5
2607,153300,Caesar,Paris,JAMS,SEASHELLS,6521.0,8
2622,154100,Caesar,Camilla,JAMS,SEASHELLS,6521.0,10
2631,154600,Caesar,Camilla,JAMS,SEASHELLS,6520.0,12
2666,156100,Caesar,Paris,JAMS,SEASHELLS,6520.0,8
2681,156500,Paris,Caesar,JAMS,SEASHELLS,6522.0,7
2687,156600,Caesar,Camilla,JAMS,SEASHELLS,6520.0,11
2690,156800,Caesar,Paris,JAMS,SEASHELLS,6520.0,9
2702,157500,Caesar,Paris,JAMS,SEASHELLS,6517.0,5
2705,157800,Caesar,Camilla,JAMS,SEASHELLS,6515.0,4
2716,158600,Paris,Caesar,JAMS,SEASHELLS,6515.0,4
2719,158800,Caesar,Camilla,JAMS,SEASHELLS,6514.0,8
2720,158900,Paris,Caesar,JAMS,SEASHELLS,6515.0,5
2753,161200,Paris,Caesar,JAMS,SEASHELLS,6515.0,8
2802,163100,Paris,Caesar,JAMS,SEASHELLS,6514.0,10
2809,163800,Paris,Caesar,JAMS,SEASHELLS,6511.0,8
2828,165000,Caesar,Paris,JAMS,SEASHELLS,6505.0,8
2831,165100,Paris,Caesar,JAMS,SEASHELLS,6507.0,4
2858,166700,Paris,Caesar,JAMS,SEASHELLS,6508.0,6
2859,167000,Paris,Caesar,JAMS,SEASHELLS,6508.0,10
2860,167100,Caesar,Camilla,JAMS,SEASHELLS,6507.0,8
2889,168700,Caesar,Paris,JAMS,SEASHELLS,6505.0,8
2911,170000,Caesar,Camilla,JAMS,SEASHELLS,6506.0,4
2924,170800,Paris,Caesar,JAMS,SEASHELLS,6507.0,10
2928,171700,Paris,Caesar,JAMS,SEASHELLS,6507.0,4
2976,173300,Caesar,Paris,JAMS,SEASHELLS,6506.0,7
2997,174400,Caesar,Paris,JAMS,SEASHELLS,6508.0,8
3007,175200,Caesar,Camilla,JAMS,SEASHELLS,6510.0,7
3048,177900,Paris,Caesar,JAMS,SEASHELLS,6514.0,7
3090,179800,Paris,Caesar,JAMS,SEASHELLS,6509.0,8
3126,181400,Paris,Caesar,JAMS,SEASHELLS,6508.0,5
3132,182100,Caesar,Camilla,JAMS,SEASHELLS,6506.0,10
3144,182600,Paris,Caesar,JAMS,SEASHELLS,6507.0,6
3187,184400,Caesar,Paris,JAMS,SEASHELLS,6505.0,6
3189,184500,Caesar,Paris,JAMS,SEASHELLS,6505.0,7
3191,184600,Caesar,Camilla,JAMS,SEASHELLS,6504.0,11
3192,184600,Paris,Caesar,JAMS,SEASHELLS,6506.0,4
3198,184900,Caesar,Paris,JAMS,SEASHELLS,6504.0,8
3204,185900,Caesar,Paris,JAMS,SEASHELLS,6504.0,8
3211,186200,Caesar,Camilla,JAMS,SEASHELLS,6507.0,5
3214,186300,Paris,Caesar,JAMS,SEASHELLS,6509.0,5
3216,186500,Caesar,Paris,JAMS,SEASHELLS,6509.0,7
3227,187100,Caesar,Paris,JAMS,SEASHELLS,6507.0,9
3259,188500,Paris,Caesar,JAMS,SEASHELLS,6516.0,4
3264,188900,Caesar,Camilla,JAMS,SEASHELLS,6511.0,4
3282,189600,Paris,Caesar,JAMS,SEASHELLS,6514.0,5
3326,191400,Caesar,Paris,JAMS,SEASHELLS,6509.0,5
3329,191700,Caesar,Camilla,JAMS,SEASHELLS,6509.0,10
3330,191700,Caesar,Paris,JAMS,SEASHELLS,6509.0,8
3373,193200,Paris,Caesar,JAMS,SEASHELLS,6514.0,6
3390,194400,Caesar,Paris,JAMS,SEASHELLS,6512.0,7
3393,194500,Paris,Caesar,JAMS,SEASHELLS,6513.0,6
3399,194900,Paris,Caesar,JAMS,SEASHELLS,6513.0,7
3403,195200,Caesar,Paris,JAMS,SEASHELLS,6511.0,7
3423,196100,Caesar,Camilla,JAMS,SEASHELLS,6510.0,10
3424,196100,Caesar,Paris,JAMS,SEASHELLS,6510.0,5
3439,196800,Caesar,Camilla,JAMS,SEASHELLS,6510.0,6
3456,197900,Caesar,Camilla,JAMS,SEASHELLS,6508.0,11
3465,198400,Paris,Caesar,JAMS,SEASHELLS,6510.0,4
3476,199100,Paris,Caesar,JAMS,SEASHELLS,6510.0,8
3483,200200,Caesar,Camilla,JAMS,SEASHELLS,6507.0,5
3505,201300,Paris,Caesar,JAMS,SEASHELLS,6506.0,5
3522,202000,Camilla,Paris,JAMS,SEASHELLS,6505.0,5
3553,202900,Paris,Caesar,JAMS,SEASHELLS,6508.0,9
3581,204400,Paris,Caesar,JAMS,SEASHELLS,6506.0,8
3609,206100,Caesar,Paris,JAMS,SEASHELLS,6504.0,4
3631,207200,Caesar,Camilla,JAMS,SEASHELLS,6504.0,3
3656,208500,Paris,Caesar,JAMS,SEASHELLS,6507.0,6
3680,209500,Caesar,Paris,JAMS,SEASHELLS,6507.0,7
3684,209600,Caesar,Camilla,JAMS,SEASHELLS,6507.0,11
3691,209700,Paris,Caesar,JAMS,SEASHELLS,6509.0,5
3712,211100,Caesar,Camilla,JAMS,SEASHELLS,6505.0,6
3728,211800,Caesar,Camilla,JAMS,SEASHELLS,6505.0,5
3783,213400,Paris,Caesar,JAMS,SEASHELLS,6504.0,5
3814,214800,Caesar,Paris,JAMS,SEASHELLS,6503.0,7
3821,215100,Caesar,Camilla,JAMS,SEASHELLS,6504.0,5
3823,215300,Paris,Caesar,JAMS,SEASHELLS,6507.0,8
3840,216700,Caesar,Paris,JAMS,SEASHELLS,6502.0,10
3893,218900,Caesar,Paris,JAMS,SEASHELLS,6502.0,8
3898,219100,Caesar,Camilla,JAMS,SEASHELLS,6502.0,4
3915,220200,Paris,Caesar,JAMS,SEASHELLS,6507.0,5
3961,222400,Caesar,Camilla,JAMS,SEASHELLS,6505.0,6
3970,223100,Caesar,Paris,JAMS,SEASHELLS,6504.0,5
3980,223400,Caesar,Paris,JAMS,SEASHELLS,6504.0,7
3997,223900,Paris,Caesar,JAMS,SEASHELLS,6505.0,10
4023,225200,Caesar,Camilla,JAMS,SEASHELLS,6505.0,3
4040,226300,Caesar,Paris,JAMS,SEASHELLS,6503.0,9
4048,226700,Caesar,Camilla,JAMS,SEASHELLS,6503.0,3
4103,230200,Caesar,Camilla,JAMS,SEASHELLS,6501.0,5
4113,231200,Paris,Caesar,JAMS,SEASHELLS,6503.0,9
4143,232300,Paris,Caesar,JAMS,SEASHELLS,6503.0,4
4144,232500,Paris,Caesar,JAMS,SEASHELLS,6502.0,4
4149,232700,Caesar,Paris,JAMS,SEASHELLS,6499.0,5
4175,234800,Caesar,Camilla,JAMS,SEASHELLS,6497.0,3
4182,234900,Paris,Caesar,JAMS,SEASHELLS,6499.0,4
4188,235100,Caesar,Camilla,JAMS,SEASHELLS,6497.0,10
4192,235600,Paris,Caesar,JAMS,SEASHELLS,6499.0,4
4209,236600,Paris,Caesar,JAMS,SEASHELLS,6502.0,8
4217,236900,Caesar,Camilla,JAMS,SEASHELLS,6499.0,11
4254,238700,Paris,Caesar,JAMS,SEASHELLS,6500.0,4
4324,241000,Caesar,Camilla,JAMS,SEASHELLS,6498.0,11
4325,241000,Paris,Caesar,JAMS,SEASHELLS,6500.0,10
4333,241900,Caesar,Paris,JAMS,SEASHELLS,6498.0,4
4350,242700,Paris,Caesar,JAMS,SEASHELLS,6500.0,5
4351,243000,Paris,Caesar,JAMS,SEASHELLS,6500.0,5
4356,243100,Paris,Caesar,JAMS,SEASHELLS,6500.0,4
4364,243500,Caesar,Camilla,JAMS,SEASHELLS,6498.0,5
4374,244000,Paris,Caesar,JAMS,SEASHELLS,6499.0,10
4379,244200,Caesar,Camilla,JAMS,SEASHELLS,6497.0,5
4391,244600,Caesar,Camilla,JAMS,SEASHELLS,6496.0,3
4399,245200,Caesar,Camilla,JAMS,SEASHELLS,6497.0,8
4403,245300,Paris,Caesar,JAMS,SEASHELLS,6499.0,10
4409,245700,Paris,Caesar,JAMS,SEASHELLS,6498.0,9
4435,247200,Caesar,Camilla,JAMS,SEASHELLS,6496.0,5
4437,247400,Caesar,Paris,JAMS,SEASHELLS,6496.0,7
4453,248800,Caesar,Camilla,JAMS,SEASHELLS,6493.0,10
4482,249900,Caesar,Paris,JAMS,SEASHELLS,6494.0,5
4506,250500,Caesar,Paris,JAMS,SEASHELLS,6493.0,9
4515,251200,Caesar,Camilla,JAMS,SEASHELLS,6493.0,11
4520,251300,Caesar,Camilla,JAMS,SEASHELLS,6494.0,5
4532,251600,Caesar,Camilla,JAMS,SEASHELLS,6495.0,11
4533,251600,Caesar,Paris,JAMS,SEASHELLS,6495.0,4
4539,252400,Caesar,Camilla,JAMS,SEASHELLS,6496.0,3
4540,252600,Paris,Caesar,JAMS,SEASHELLS,6497.0,4
4578,254300,Caesar,Paris,JAMS,SEASHELLS,6493.0,6
4621,257400,Caesar,Camilla,JAMS,SEASHELLS,6496.0,10
4624,257700,Caesar,Camilla,JAMS,SEASHELLS,6496.0,4
4661,259300,Caesar,Camilla,JAMS,SEASHELLS,6498.0,12
4708,261300,Caesar,Camilla,JAMS,SEASHELLS,6496.0,12
4709,261400,Caesar,Camilla,JAMS,SEASHELLS,6496.0,8
4727,262200,Caesar,Paris,JAMS,SEASHELLS,6496.0,6
4733,262300,Caesar,Camilla,JAMS,SEASHELLS,6497.0,11
4740,262700,Paris,Caesar,JAMS,SEASHELLS,6498.0,6
4744,263000,Caesar,Paris,JAMS,SEASHELLS,6496.0,9
4773,264900,Caesar,Paris,JAMS,SEASHELLS,6496.0,6
4799,266000,Caesar,Camilla,JAMS,SEASHELLS,6497.0,9
4836,267300,Paris,Caesar,JAMS,SEASHELLS,6497.0,9
4866,268300,Caesar,Camilla,JAMS,SEASHELLS,6493.0,9
4870,268600,Caesar,Paris,JAMS,SEASHELLS,6493.0,5
4877,269100,Caesar,Camilla,JAMS,SEASHELLS,6493.0,6
4894,269400,Caesar,Camilla,JAMS,SEASHELLS,6493.0,8
4895,269500,Paris,Caesar,JAMS,SEASHELLS,6493.0,10
4903,270100,Caesar,Paris,JAMS,SEASHELLS,6489.0,7
4905,270300,Caesar,Camilla,JAMS,SEASHELLS,6489.0,4
4906,270300,Paris,Caesar,JAMS,SEASHELLS,6491.0,8
4910,270700,Caesar,Camilla,JAMS,SEASHELLS,6489.0,6
4911,270700,Paris,Caesar,JAMS,SEASHELLS,6490.0,5
4913,271000,Paris,Caesar,JAMS,SEASHELLS,6490.0,7
4928,271600,Paris,Caesar,JAMS,SEASHELLS,6486.0,7
4948,273100,Paris,Caesar,JAMS,SEASHELLS,6489.0,4
4957,273400,Paris,Caesar,JAMS,SEASHELLS,6489.0,7
4988,274800,Paris,Caesar,JAMS,SEASHELLS,6489.0,6
5033,277100,Caesar,Camilla,JAMS,SEASHELLS,6488.0,11
5055,278500,Caesar,Camilla,JAMS,SEASHELLS,6491.0,12
5095,280700,Paris,Caesar,JAMS,SEASHELLS,6496.0,6
5096,280800,Caesar,Camilla,JAMS,SEASHELLS,6495.0,11
5117,282000,Caesar,Camilla,JAMS,SEASHELLS,6493.0,4
5119,282300,Paris,Caesar,JAMS,SEASHELLS,6492.0,4
5122,282600,Paris,Caesar,JAMS,SEASHELLS,6493.0,6
5133,283500,Caesar,Paris,JAMS,SEASHELLS,6491.0,6
5136,283900,Caesar,Paris,JAMS,SEASHELLS,6491.0,6
5148,284400,Caesar,Paris,JAMS,SEASHELLS,6491.0,10
5169,285200,Paris,Caesar,JAMS,SEASHELLS,6493.0,5
5175,285500,Caesar,Camilla,JAMS,SEASHELLS,6493.0,3
5179,285600,Caesar,Paris,JAMS,SEASHELLS,6492.0,8
5199,287100,Caesar,Paris,JAMS,SEASHELLS,6492.0,8
5222,288800,Paris,Caesar,JAMS,SEASHELLS,6497.0,9
5223,288900,Caesar,Camilla,JAMS,SEASHELLS,6495.0,4
5246,291100,Caesar,Camilla,JAMS,SEASHELLS,6495.0,8
5250,291300,Caesar,Paris,JAMS,SEASHELLS,6494.0,8
5269,292100,Caesar,Camilla,JAMS,SEASHELLS,6496.0,7
5273,292400,Paris,Caesar,JAMS,SEASHELLS,6497.0,9
5298,294000,Paris,Caesar,JAMS,SEASHELLS,6502.0,8
5313,294600,Caesar,Paris,JAMS,SEASHELLS,6501.0,5
5319,295000,Caesar,Paris,JAMS,SEASHELLS,6502.0,7
5344,295700,Paris,Caesar,JAMS,SEASHELLS,6504.0,4
5345,295800,Caesar,Camilla,JAMS,SEASHELLS,6503.0,3
5385,297800,Paris,Caesar,JAMS,SEASHELLS,6505.0,7
5389,298400,Caesar,Paris,JAMS,SEASHELLS,6504.0,7
5457,301400,Paris,Caesar,JAMS,SEASHELLS,6505.0,9
5482,302800,Caesar,Camilla,JAMS,SEASHELLS,6502.0,7
5494,303600,Caesar,Camilla,JAMS,SEASHELLS,6500.0,5
5504,304400,Caesar,Paris,JAMS,SEASHELLS,6499.0,4
5547,305900,Paris,Caesar,JAMS,SEASHELLS,6502.0,10
5552,306200,Caesar,Camilla,JAMS,SEASHELLS,6500.0,3
5565,306900,Caesar,Camilla,JAMS,SEASHELLS,6502.0,10
5567,307100,Paris,Caesar,JAMS,SEASHELLS,6503.0,6
5607,308400,Caesar,Paris,JAMS,SEASHELLS,6499.0,8
5617,308800,Caesar,Paris,JAMS,SEASHELLS,6499.0,4
5659,310800,Caesar,Paris,JAMS,SEASHELLS,6499.0,9
5677,312400,Paris,Caesar,JAMS,SEASHELLS,6498.0,6
5682,313000,Paris,Caesar,JAMS,SEASHELLS,6497.0,8
5751,316300,Caesar,Paris,JAMS,SEASHELLS,6494.0,7
5765,316900,Caesar,Camilla,JAMS,SEASHELLS,6496.0,7
5821,318800,Paris,Caesar,JAMS,SEASHELLS,6496.0,6
5853,320500,Caesar,Paris,JAMS,SEASHELLS,6493.0,4
5869,321000,Caesar,Camilla,JAMS,SEASHELLS,6493.0,9
5893,322000,Paris,Caesar,JAMS,SEASHELLS,6495.0,9
5901,322300,Caesar,Paris,JAMS,SEASHELLS,6493.0,8
5920,322900,Paris,Caesar,JAMS,SEASHELLS,6497.0,6
5924,323400,Paris,Caesar,JAMS,SEASHELLS,6496.0,7
5937,324000,Caesar,Paris,JAMS,SEASHELLS,6494.0,9
5965,326200,Paris,Caesar,JAMS,SEASHELLS,6492.0,10
5984,327000,Caesar,Camilla,JAMS,SEASHELLS,6491.0,10
5985,327100,Caesar,Camilla,JAMS,SEASHELLS,6491.0,12
5986,327200,Caesar,Camilla,JAMS,SEASHELLS,6491.0,9
5987,327200,Paris,Caesar,JAMS,SEASHELLS,6493.0,8
6002,328200,Paris,Caesar,JAMS,SEASHELLS,6493.0,7
6006,328600,Paris,Caesar,JAMS,SEASHELLS,6493.0,8
6008,328700,Paris,Caesar,JAMS,SEASHELLS,6493.0,8
6026,329600,Caesar,Paris,JAMS,SEASHELLS,6491.0,10
6040,330400,Caesar,Camilla,JAMS,SEASHELLS,6490.0,5
6044,330500,Caesar,Camilla,JAMS,SEASHELLS,6490.0,7
6049,330900,Paris,Caesar,JAMS,SEASHELLS,6492.0,4
6069,331500,Paris,Caesar,JAMS,SEASHELLS,6494.0,8
6077,331700,Caesar,Camilla,JAMS,SEASHELLS,6496.0,6
6092,332200,Caesar,Paris,JAMS,SEASHELLS,6497.0,8
6115,333000,Paris,Caesar,JAMS,SEASHELLS,6499.0,7
6117,333500,Caesar,Camilla,JAMS,SEASHELLS,6499.0,8
6119,333600,Paris,Caesar,JAMS,SEASHELLS,6499.0,6
6133,334200,Caesar,Paris,JAMS,SEASHELLS,6497.0,8
6142,334700,Caesar,Camilla,JAMS,SEASHELLS,6496.0,3
6163,335300,Paris,Caesar,JAMS,SEASHELLS,6498.0,5
6164,335500,Caesar,Paris,JAMS,SEASHELLS,6497.0,9
6189,337300,Caesar,Camilla,JAMS,SEASHELLS,6494.0,7
6213,338300,Caesar,Paris,JAMS,SEASHELLS,6494.0,7
6215,338500,Caesar,Paris,JAMS,SEASHELLS,6493.0,4
6236,340400,Caesar,Camilla,JAMS,SEASHELLS,6492.0,7
6241,341200,Caesar,Paris,JAMS,SEASHELLS,6494.0,6
6246,341300,Caesar,Camilla,JAMS,SEASHELLS,6494.0,4
6269,342900,Caesar,Camilla,JAMS,SEASHELLS,6493.0,4
6277,343500,Caesar,Camilla,JAMS,SEASHELLS,6493.0,8
6284,343600,Caesar,Paris,JAMS,SEASHELLS,6492.0,6
6298,343900,Caesar,Paris,JAMS,SEASHELLS,6492.0,6
6305,344700,Paris,Caesar,JAMS,SEASHELLS,6491.0,5
6338,345900,Caesar,Camilla,JAMS,SEASHELLS,6490.0,10
6350,347300,Paris,Caesar,JAMS,SEASHELLS,6490.0,6
6353,347400,Paris,Caesar,JAMS,SEASHELLS,6489.0,5
6378,348600,Paris,Caesar,JAMS,SEASHELLS,6490.0,7
6379,348700,Caesar,Camilla,JAMS,SEASHELLS,6489.0,11
6380,348800,Caesar,Camilla,JAMS,SEASHELLS,6489.0,9
6397,349500,Caesar,Paris,JAMS,SEASHELLS,6488.0,4
6432,350500,Caesar,Paris,JAMS,SEASHELLS,6486.0,8
6454,351600,Caesar,Camilla,JAMS,SEASHELLS,6484.0,10
6488,353500,Caesar,Camilla,JAMS,SEASHELLS,6481.0,11
6502,354000,Caesar,Camilla,JAMS,SEASHELLS,6481.0,6
6566,355700,Caesar,Camilla,JAMS,SEASHELLS,6480.0,5
6595,356900,Caesar,Camilla,JAMS,SEASHELLS,6479.0,9
6608,357300,Paris,Caesar,JAMS,SEASHELLS,6481.0,7
6617,357700,Caesar,Paris,JAMS,SEASHELLS,6479.0,4
6638,358700,Paris,Caesar,JAMS,SEASHELLS,6482.0,8
6648,358800,Caesar,Paris,JAMS,SEASHELLS,6481.0,10
6695,361800,Caesar,Paris,JAMS,SEASHELLS,6483.0,6
6704,362200,Caesar,Paris,JAMS,SEASHELLS,6480.0,8
6708,362500,Caesar,Paris,JAMS,SEASHELLS,6480.0,10
6761,364000,Paris,Caesar,JAMS,SEASHELLS,6481.0,5
6781,364400,Caesar,Paris,JAMS,SEASHELLS,6478.0,10
6787,364800,Caesar,Camilla,JAMS,SEASHELLS,6477.0,6
6802,365700,Paris,Caesar,JAMS,SEASHELLS,6481.0,5
6803,365800,Caesar,Camilla,JAMS,SEASHELLS,6480.0,8
6824,366700,Paris,Caesar,JAMS,SEASHELLS,6481.0,6
6828,366900,Caesar,Paris,JAMS,SEASHELLS,6479.0,4
6843,367400,Caesar,Camilla,JAMS,SEASHELLS,6479.0,10
6847,367700,Caesar,Paris,JAMS,SEASHELLS,6478.0,9
6879,369100,Paris,Caesar,JAMS,SEASHELLS,6481.0,4
6884,369400,Paris,Caesar,JAMS,SEASHELLS,6481.0,5
6886,369500,Paris,Caesar,JAMS,SEASHELLS,6481.0,6
6889,369900,Paris,Caesar,JAMS,SEASHELLS,6481.0,7
6890,370000,Caesar,Paris,JAMS,SEASHELLS,6479.0,7
6894,370300,Caesar,Paris,JAMS,SEASHELLS,6480.0,7
6896,370500,Caesar,Camilla,JAMS,SEASHELLS,6481.0,6
6897,370500,Paris,Caesar,JAMS,SEASHELLS,6483.0,8
6943,372400,Paris,Camilla,JAMS,SEASHELLS,6478.0,5
6953,372800,Caesar,Paris,JAMS,SEASHELLS,6477.0,8
6963,373400,Paris,Caesar,JAMS,SEASHELLS,6480.0,6
6989,375100,Caesar,Paris,JAMS,SEASHELLS,6476.0,10
7026,377300,Caesar,Camilla,JAMS,SEASHELLS,6478.0,6
7059,378700,Paris,Caesar,JAMS,SEASHELLS,6481.0,5
7086,380100,Paris,Caesar,JAMS,SEASHELLS,6483.0,8
7105,381400,Caesar,Paris,JAMS,SEASHELLS,6482.0,6
7115,382300,Paris,Caesar,JAMS,SEASHELLS,6485.0,9
7122,382500,Caesar,Camilla,JAMS,SEASHELLS,6483.0,11
7152,383800,Caesar,Paris,JAMS,SEASHELLS,6483.0,10
7158,384300,Paris,Caesar,JAMS,SEASHELLS,6485.0,8
7165,384500,Caesar,Paris,JAMS,SEASHELLS,6483.0,6
7212,386400,Caesar,Paris,JAMS,SEASHELLS,6482.0,5
7216,387000,Paris,Caesar,JAMS,SEASHELLS,6484.0,4
7218,387100,Caesar,Camilla,JAMS,SEASHELLS,6483.0,9
7232,387200,Caesar,Camilla,JAMS,SEASHELLS,6483.0,3
7261,388300,Caesar,Camilla,JAMS,SEASHELLS,6481.0,8
7266,388500,Caesar,Paris,JAMS,SEASHELLS,6481.0,8
7267,388600,Caesar,Paris,JAMS,SEASHELLS,6481.0,6
7275,389500,Caesar,Paris,JAMS,SEASHELLS,6479.0,4
7284,389700,Caesar,Camilla,JAMS,SEASHELLS,6479.0,10
7290,390300,Caesar,Paris,JAMS,SEASHELLS,6479.0,9
7303,391000,Caesar,Paris,JAMS,SEASHELLS,6478.0,7
7304,391100,Caesar,Paris,JAMS,SEASHELLS,6478.0,9
7311,391900,Caesar,Paris,JAMS,SEASHELLS,6479.0,7
7363,394100,Paris,Caesar,JAMS,SEASHELLS,6483.0,4
7379,394700,Caesar,Camilla,JAMS,SEASHELLS,6482.0,8
7387,395200,Caesar,Paris,JAMS,SEASHELLS,6482.0,7
7420,397200,Caesar,Camilla,JAMS,SEASHELLS,6484.0,9
7431,398100,Paris,Caesar,JAMS,SEASHELLS,6485.0,4
7434,398300,Caesar,Camilla,JAMS,SEASHELLS,6484.0,11
7441,398400,Paris,Caesar,JAMS,SEASHELLS,6485.0,6
7442,398500,Caesar,Paris,JAMS,SEASHELLS,6484.0,7
7453,399400,Caesar,Camilla,JAMS,SEASHELLS,6484.0,11
7454,399500,Caesar,Paris,JAMS,SEASHELLS,6484.0,6
7463,400000,Paris,Caesar,JAMS,SEASHELLS,6485.0,8
7468,400200,Paris,Caesar,JAMS,SEASHELLS,6485.0,10
7478,401000,Paris,Caesar,JAMS,SEASHELLS,6483.0,9
7525,402200,Caesar,Paris,JAMS,SEASHELLS,6482.0,10
7534,402700,Caesar,Paris,JAMS,SEASHELLS,6483.0,7
7617,407300,Caesar,Paris,JAMS,SEASHELLS,6486.0,7
7628,408300,Caesar,Camilla,JAMS,SEASHELLS,6485.0,11
7634,408500,Caesar,Paris,JAMS,SEASHELLS,6484.0,5
7636,408600,Caesar,Paris,JAMS,SEASHELLS,6484.0,8
7650,409500,Caesar,Paris,JAMS,SEASHELLS,6484.0,10
7667,410700,Caesar,Paris,JAMS,SEASHELLS,6484.0,5
7678,411000,Paris,Caesar,JAMS,SEASHELLS,6486.0,10
7680,411100,Caesar,Paris,JAMS,SEASHELLS,6484.0,10
7690,411400,Paris,Caesar,JAMS,SEASHELLS,6486.0,5
7691,411500,Caesar,Camilla,JAMS,SEASHELLS,6485.0,5
7693,411700,Paris,Caesar,JAMS,SEASHELLS,6486.0,10
7712,412600,Paris,Caesar,JAMS,SEASHELLS,6483.0,10
7716,413000,Caesar,Paris,JAMS,SEASHELLS,6480.0,8
7727,413700,Paris,Caesar,JAMS,SEASHELLS,6481.0,9
7760,415200,Paris,Caesar,JAMS,SEASHELLS,6481.0,7
7776,416000,Caesar,Paris,JAMS,SEASHELLS,6478.0,7
7778,416200,Paris,Caesar,JAMS,SEASHELLS,6479.0,6
7784,416500,Caesar,Camilla,JAMS,SEASHELLS,6476.0,10
7798,417500,Caesar,Paris,JAMS,SEASHELLS,6478.0,8
7805,418100,Caesar,Camilla,JAMS,SEASHELLS,6481.0,11
7836,419900,Caesar,Paris,JAMS,SEASHELLS,6480.0,4
7844,420200,Caesar,Paris,JAMS,SEASHELLS,6479.0,6
7858,421200,Caesar,Camilla,JAMS,SEASHELLS,6479.0,9
7860,421300,Caesar,Paris,JAMS,SEASHELLS,6479.0,5
7874,422100,Caesar,Paris,JAMS,SEASHELLS,6480.0,4
7893,423100,Paris,Caesar,JAMS,SEASHELLS,6481.0,5
7898,423600,Caesar,Camilla,JAMS,SEASHELLS,6478.0,12
7906,424300,Caesar,Paris,JAMS,SEASHELLS,6478.0,4
7919,425200,Paris,Caesar,JAMS,SEASHELLS,6479.0,8
7926,425400,Paris,Caesar,JAMS,SEASHELLS,6479.0,5
7930,425800,Caesar,Camilla,JAMS,SEASHELLS,6478.0,4
7939,426200,Paris,Caesar,JAMS,SEASHELLS,6479.0,5
7940,426300,Caesar,Paris,JAMS,SEASHELLS,6477.0,10
7977,427600,Caesar,Paris,JAMS,SEASHELLS,6477.0,4
7985,427800,Paris,Caesar,JAMS,SEASHELLS,6479.0,5
8025,430000,Caesar,Paris,JAMS,SEASHELLS,6477.0,4
8050,432200,Caesar,Camilla,JAMS,SEASHELLS,6483.0,11
8053,432500,Caesar,Paris,JAMS,SEASHELLS,6482.0,4
8058,432800,Caesar,Camilla,JAMS,SEASHELLS,6482.0,10
8082,434200,Caesar,Camilla,JAMS,SEASHELLS,6482.0,6
8132,436500,Paris,Caesar,JAMS,SEASHELLS,6482.0,10
8164,438000,Caesar,Paris,JAMS,SEASHELLS,6481.0,7
8170,438300,Caesar,Camilla,JAMS,SEASHELLS,6480.0,12
8180,438700,Caesar,Camilla,JAMS,SEASHELLS,6480.0,6
8183,438800,Caesar,Camilla,JAMS,SEASHELLS,6480.0,11
8219,441300,Caesar,Paris,JAMS,SEASHELLS,6477.0,8
8236,441700,Caesar,Camilla,JAMS,SEASHELLS,6477.0,9
8256,442800,Paris,Caesar,JAMS,SEASHELLS,6479.0,7
8283,443900,Paris,Caesar,JAMS,SEASHELLS,6480.0,5
8289,444200,Caesar,Paris,JAMS,SEASHELLS,6478.0,4
8333,445600,Caesar,Camilla,JAMS,SEASHELLS,6479.0,8
8380,448800,Paris,Caesar,JAMS,SEASHELLS,6483.0,7
8472,453300,Caesar,Camilla,JAMS,SEASHELLS,6480.0,10
8479,453900,Caesar,Camilla,JAMS,SEASHELLS,6480.0,10
8490,454100,Caesar,Paris,JAMS,SEASHELLS,6480.0,4
8494,454600,Caesar,Paris,JAMS,SEASHELLS,6479.0,9
8501,455300,Caesar,Paris,JAMS,SEASHELLS,6478.0,5
8506,455800,Caesar,Camilla,JAMS,SEASHELLS,6478.0,6
8594,459600,Caesar,Paris,JAMS,SEASHELLS,6476.0,7
8595,459700,Paris,Caesar,JAMS,SEASHELLS,6478.0,4
8602,460100,Caesar,Camilla,JAMS,SEASHELLS,6476.0,7
8604,460400,Paris,Caesar,JAMS,SEASHELLS,6477.0,6
8608,460700,Caesar,Paris,JAMS,SEASHELLS,6476.0,9
8618,461300,Caesar,Paris,JAMS,SEASHELLS,6475.0,7
8633,461800,Paris,Caesar,JAMS,SEASHELLS,6477.0,8
8646,463000,Paris,Caesar,JAMS,SEASHELLS,6476.0,6
8648,463200,Caesar,Camilla,JAMS,SEASHELLS,6474.0,4
8669,463900,Caesar,Paris,JAMS,SEASHELLS,6473.0,7
8675,464200,Caesar,Camilla,JAMS,SEASHELLS,6474.0,3
8723,467300,Caesar,Paris,JAMS,SEASHELLS,6473.0,4
8759,468300,Caesar,Paris,JAMS,SEASHELLS,6473.0,10
8760,468400,Paris,Caesar,JAMS,SEASHELLS,6474.0,6
8770,469100,Paris,Caesar,JAMS,SEASHELLS,6475.0,4
8771,469200,Paris,Caesar,JAMS,SEASHELLS,6475.0,8
8776,469500,Camilla,Paris,JAMS,SEASHELLS,6474.0,6
8795,470200,Caesar,Camilla,JAMS,SEASHELLS,6474.0,12
8815,470900,Paris,Caesar,JAMS,SEASHELLS,6476.0,5
8834,471700,Paris,Caesar,JAMS,SEASHELLS,6475.0,7
8882,474100,Caesar,Paris,JAMS,SEASHELLS,6472.0,9
8901,475100,Paris,Caesar,JAMS,SEASHELLS,6472.0,7
8911,475400,Caesar,Paris,JAMS,SEASHELLS,6471.0,8
8918,476100,Caesar,Paris,JAMS,SEASHELLS,6471.0,10
8924,476300,Caesar,Paris,JAMS,SEASHELLS,6471.0,5
8939,477000,Caesar,Paris,JAMS,SEASHELLS,6471.0,10
8954,477500,Caesar,Paris,JAMS,SEASHELLS,6472.0,10
8958,477600,Caesar,Paris,JAMS,SEASHELLS,6473.0,4
8966,477800,Caesar,Paris,JAMS,SEASHELLS,6473.0,7
9006,479400,Paris,Caesar,JAMS,SEASHELLS,6476.0,4
9016,480300,Caesar,Camilla,JAMS,SEASHELLS,6474.0,10
9023,480700,Caesar,Camilla,JAMS,SEASHELLS,6474.0,11
9140,486400,Caesar,Camilla,JAMS,SEASHELLS,6471.0,6
9152,487400,Paris,Caesar,JAMS,SEASHELLS,6472.0,9
9162,488100,Caesar,Camilla,JAMS,SEASHELLS,6472.0,4
9163,488200,Caesar,Paris,JAMS,SEASHELLS,6472.0,5
9168,489000,Caesar,Camilla,JAMS,SEASHELLS,6473.0,7
9175,489300,Caesar,Paris,JAMS,SEASHELLS,6473.0,8
9182,489700,Caesar,Camilla,JAMS,SEASHELLS,6474.0,4
9183,489700,Caesar,Paris,JAMS,SEASHELLS,6474.0,10
9187,489900,Caesar,Camilla,JAMS,SEASHELLS,6474.0,4
9199,491100,Paris,Caesar,JAMS,SEASHELLS,6475.0,8
9207,491400,Caesar,Paris,JAMS,SEASHELLS,6474.0,6
9230,492400,Paris,Caesar,JAMS,SEASHELLS,6478.0,9
9235,492800,Paris,Caesar,JAMS,SEASHELLS,6479.0,8
9252,493500,Caesar,Camilla,JAMS,SEASHELLS,6478.0,5
9255,493800,Caesar,Camilla,JAMS,SEASHELLS,6476.0,9
9259,494000,Paris,Caesar,JAMS,SEASHELLS,6477.0,5
9304,495900,Caesar,Paris,JAMS,SEASHELLS,6474.0,4
9307,496100,Paris,Caesar,JAMS,SEASHELLS,6475.0,6
9321,496400,Paris,Caesar,JAMS,SEASHELLS,6477.0,10
9343,497500,Caesar,Camilla,JAMS,SEASHELLS,6474.0,9
9351,498000,Caesar,Paris,JAMS,SEASHELLS,6474.0,10
9406,501000,Paris,Caesar,JAMS,SEASHELLS,6472.0,5
9415,501700,Caesar,Paris,JAMS,SEASHELLS,6470.0,4
9454,502800,Caesar,Paris,JAMS,SEASHELLS,6470.0,5
9482,504500,Paris,Caesar,JAMS,SEASHELLS,6472.0,5
9501,505600,Caesar,Paris,JAMS,SEASHELLS,6472.0,6
9510,506000,Paris,Caesar,JAMS,SEASHELLS,6473.0,10
9511,506100,Paris,Caesar,JAMS,SEASHELLS,6473.0,6
9547,508400,Paris,Caesar,JAMS,SEASHELLS,6475.0,10
9550,508600,Paris,Caesar,JAMS,SEASHELLS,6477.0,4
9580,510300,Caesar,Paris,JAMS,SEASHELLS,6473.0,6
9583,510500,Paris,Caesar,JAMS,SEASHELLS,6475.0,5
9610,512100,Paris,Caesar,JAMS,SEASHELLS,6475.0,10
9627,513100,Paris,Caesar,JAMS,SEASHELLS,6473.0,4
9696,517700,Paris,Caesar,JAMS,SEASHELLS,6475.0,10
9705,518200,Caesar,Camilla,JAMS,SEASHELLS,6473.0,5
9750,520900,Paris,Caesar,JAMS,SEASHELLS,6474.0,10
9778,522000,Caesar,Paris,JAMS,SEASHELLS,6473.0,7
9786,522800,Caesar,Paris,JAMS,SEASHELLS,6472.0,10
9821,524300,Caesar,Camilla,JAMS,SEASHELLS,6473.0,11
9822,524400,Caesar,Camilla,JAMS,SEASHELLS,6473.0,3
9827,524600,Paris,Caesar,JAMS,SEASHELLS,6475.0,6
9828,524700,Paris,Caesar,JAMS,SEASHELLS,6475.0,5
9831,524900,Caesar,Camilla,JAMS,SEASHELLS,6474.0,8
9832,525000,Caesar,Camilla,JAMS,SEASHELLS,6475.0,12
9838,525900,Paris,Caesar,JAMS,SEASHELLS,6479.0,10
9840,526100,Caesar,Paris,JAMS,SEASHELLS,6476.0,5
9855,527200,Paris,Caesar,JAMS,SEASHELLS,6478.0,10
9881,528700,Paris,Caesar,JAMS,SEASHELLS,6478.0,5
9882,528800,Caesar,Camilla,JAMS,SEASHELLS,6477.0,4
9883,528900,Caesar,Paris,JAMS,SEASHELLS,6477.0,5
9886,529100,Paris,Caesar,JAMS,SEASHELLS,6479.0,9
9901,529700,Caesar,Camilla,JAMS,SEASHELLS,6478.0,5
9909,530300,Caesar,Paris,JAMS,SEASHELLS,6477.0,5
9926,531800,Caesar,Paris,JAMS,SEASHELLS,6478.0,9
9954,533600,Caesar,Paris,JAMS,SEASHELLS,6478.0,6
9960,533900,Paris,Caesar,JAMS,SEASHELLS,6480.0,7
9969,534800,Caesar,Camilla,JAMS,SEASHELLS,6480.0,4
10069,539400,Paris,Caesar,JAMS,SEASHELLS,6484.0,4
10084,540800,Paris,Caesar,JAMS,SEASHELLS,6486.0,9
10097,541200,Paris,Caesar,JAMS,SEASHELLS,6486.0,9
10113,541900,Paris,Caesar,JAMS,SEASHELLS,6486.0,6
10123,542600,Caesar,Camilla,JAMS,SEASHELLS,6484.0,4
10128,542900,Paris,Caesar,JAMS,SEASHELLS,6485.0,9
10137,543700,Paris,Caesar,JAMS,SEASHELLS,6486.0,9
10145,544100,Caesar,Camilla,JAMS,SEASHELLS,6485.0,3
10175,545400,Caesar,Camilla,JAMS,SEASHELLS,6487.0,6
10188,546200,Caesar,Camilla,JAMS,SEASHELLS,6487.0,5
10199,547100,Caesar,Paris,JAMS,SEASHELLS,6487.0,9
10212,548100,Paris,Caesar,JAMS,SEASHELLS,6489.0,4
10224,548400,Caesar,Paris,JAMS,SEASHELLS,6487.0,4
10249,550500,Caesar,Camilla,JAMS,SEASHELLS,6491.0,11
10307,553700,Paris,Caesar,JAMS,SEASHELLS,6492.0,5
10336,555800,Caesar,Camilla,JAMS,SEASHELLS,6487.0,5
10337,555900,Caesar,Paris,JAMS,SEASHELLS,6487.0,6
10366,557000,Paris,Caesar,JAMS,SEASHELLS,6489.0,9
10368,557100,Caesar,Paris,JAMS,SEASHELLS,6488.0,7
10380,557700,Caesar,Paris,JAMS,SEASHELLS,6490.0,6
10381,557800,Paris,Caesar,JAMS,SEASHELLS,6493.0,10
10408,559300,Paris,Caesar,JAMS,SEASHELLS,6495.0,10
10414,559800,Caesar,Paris,JAMS,SEASHELLS,6493.0,4
10419,560200,Caesar,Camilla,JAMS,SEASHELLS,6491.0,5
10422,560800,Caesar,Paris,JAMS,SEASHELLS,6489.0,5
10430,561800,Paris,Camilla,JAMS,SEASHELLS,6490.0,4
10433,562200,Caesar,Paris,JAMS,SEASHELLS,6491.0,4
10436,562300,Caesar,Camilla,JAMS,SEASHELLS,6491.0,11
10448,563400,Caesar,Paris,JAMS,SEASHELLS,6490.0,8
10456,564000,Paris,Caesar,JAMS,SEASHELLS,6490.0,9
10465,564400,Paris,Caesar,JAMS,SEASHELLS,6490.0,6
10474,564800,Caesar,Paris,JAMS,SEASHELLS,6488.0,9
10499,566000,Caesar,Camilla,JAMS,SEASHELLS,6489.0,7
10500,566100,Caesar,Camilla,JAMS,SEASHELLS,6489.0,3
10503,566200,Caesar,Camilla,JAMS,SEASHELLS,6489.0,10
10506,566400,Caesar,Camilla,JAMS,SEASHELLS,6489.0,5
10513,566600,Paris,Caesar,JAMS,SEASHELLS,6491.0,9
10534,567700,Paris,Caesar,JAMS,SEASHELLS,6490.0,5
10544,568400,Caesar,Camilla,JAMS,SEASHELLS,6488.0,12
10577,571000,Paris,Caesar,JAMS,SEASHELLS,6486.0,9
10578,571200,Caesar,Paris,JAMS,SEASHELLS,6485.0,7
10587,571600,Caesar,Camilla,JAMS,SEASHELLS,6485.0,3
10604,572700,Caesar,Camilla,JAMS,SEASHELLS,6484.0,3
10620,573700,Paris,Caesar,JAMS,SEASHELLS,6485.0,8
10639,575300,Paris,Caesar,JAMS,SEASHELLS,6484.0,6
10648,575900,Paris,Caesar,JAMS,SEASHELLS,6484.0,5
10673,577200,Caesar,Paris,JAMS,SEASHELLS,6481.0,9
10687,577500,Caesar,Camilla,JAMS,SEASHELLS,6481.0,6
10695,577800,Caesar,Camilla,JAMS,SEASHELLS,6482.0,5
10699,577900,Caesar,Paris,JAMS,SEASHELLS,6482.0,6
10713,579100,Caesar,Camilla,JAMS,SEASHELLS,6484.0,11
10725,579600,Caesar,Paris,JAMS,SEASHELLS,6485.0,6
10727,579900,Caesar,Camilla,JAMS,SEASHELLS,6486.0,8
10736,580200,Caesar,Paris,JAMS,SEASHELLS,6486.0,5
10741,580400,Caesar,Camilla,JAMS,SEASHELLS,6486.0,9
10761,581300,Caesar,Camilla,JAMS,SEASHELLS,6488.0,10
10768,582100,Caesar,Camilla,JAMS,SEASHELLS,6489.0,9
10769,582300,Caesar,Paris,JAMS,SEASHELLS,6489.0,7
10792,583800,Caesar,Camilla,JAMS,SEASHELLS,6493.0,3
10820,585500,Caesar,Camilla,JAMS,SEASHELLS,6495.0,4
10847,587000,Caesar,Camilla,JAMS,SEASHELLS,6495.0,3
10848,587000,Paris,Caesar,JAMS,SEASHELLS,6497.0,5
10849,587100,Caesar,Camilla,JAMS,SEASHELLS,6496.0,9
10939,591400,Paris,Caesar,JAMS,SEASHELLS,6499.0,10
10949,591700,Caesar,Paris,JAMS,SEASHELLS,6498.0,10
11016,594600,Caesar,Paris,JAMS,SEASHELLS,6496.0,4
11020,595100,Caesar,Camilla,JAMS,SEASHELLS,6498.0,3
11027,595500,Caesar,Camilla,JAMS,SEASHELLS,6497.0,8
11047,596500,Paris,Caesar,JAMS,SEASHELLS,6500.0,4
11054,597500,Paris,Caesar,JAMS,SEASHELLS,6502.0,8
11060,598400,Paris,Caesar,JAMS,SEASHELLS,6502.0,4
11069,599300,Caesar,Paris,JAMS,SEASHELLS,6500.0,7
11077,600000,Caesar,Camilla,JAMS,SEASHELLS,6499.0,4
11115,602300,Caesar,Paris,JAMS,SEASHELLS,6495.0,8
11211,606200,Caesar,Camilla,JAMS,SEASHELLS,6498.0,3
11214,606500,Caesar,Camilla,JAMS,SEASHELLS,6498.0,12
11253,608600,Caesar,Camilla,JAMS,SEASHELLS,6498.0,5
11266,609500,Caesar,Camilla,JAMS,SEASHELLS,6499.0,8
11268,609600,Caesar,Camilla,JAMS,SEASHELLS,6499.0,10
11269,609600,Caesar,Paris,JAMS,SEASHELLS,6499.0,6
11281,610200,Caesar,Paris,JAMS,SEASHELLS,6497.0,8
11356,615100,Paris,Caesar,JAMS,SEASHELLS,6504.0,9
11365,615300,Paris,Caesar,JAMS,SEASHELLS,6504.0,9
11374,615800,Paris,Caesar,JAMS,SEASHELLS,6506.0,8
11385,616500,Caesar,Camilla,JAMS,SEASHELLS,6505.0,9
11391,616800,Caesar,Camilla,JAMS,SEASHELLS,6505.0,6
11392,617100,Paris,Caesar,JAMS,SEASHELLS,6507.0,7
11456,620000,Caesar,Paris,JAMS,SEASHELLS,6505.0,4
11511,623000,Caesar,Paris,JAMS,SEASHELLS,6506.0,5
11520,623700,Paris,Caesar,JAMS,SEASHELLS,6507.0,5
11534,624100,Caesar,Camilla,JAMS,SEASHELLS,6505.0,5
11557,625000,Caesar,Camilla,JAMS,SEASHELLS,6505.0,3
11558,625000,Paris,Caesar,JAMS,SEASHELLS,6507.0,5
11562,625400,Paris,Caesar,JAMS,SEASHELLS,6506.0,6
11588,626300,Caesar,Camilla,JAMS,SEASHELLS,6505.0,3
11596,627000,Caesar,Paris,JAMS,SEASHELLS,6505.0,10
11617,628800,Paris,Caesar,JAMS,SEASHELLS,6511.0,7
11639,629600,Camilla,Paris,JAMS,SEASHELLS,6508.0,8
11651,630400,Caesar,Paris,JAMS,SEASHELLS,6506.0,7
11663,631700,Caesar,Camilla,JAMS,SEASHELLS,6504.0,9
11666,632300,Caesar,Camilla,JAMS,SEASHELLS,6503.0,6
11691,634100,Paris,Caesar,JAMS,SEASHELLS,6505.0,7
11717,635500,Caesar,Paris,JAMS,SEASHELLS,6503.0,7
11720,635600,Paris,Caesar,JAMS,SEASHELLS,6504.0,8
11740,636600,Caesar,Camilla,JAMS,SEASHELLS,6501.0,3
11749,637000,Paris,Caesar,JAMS,SEASHELLS,6503.0,4
11792,639300,Caesar,Camilla,JAMS,SEASHELLS,6499.0,11
11805,640300,Paris,Caesar,JAMS,SEASHELLS,6499.0,5
11818,641100,Caesar,Camilla,JAMS,SEASHELLS,6498.0,10
11822,641600,Caesar,Paris,JAMS,SEASHELLS,6497.0,10
11835,642600,Caesar,Camilla,JAMS,SEASHELLS,6498.0,6
11836,642600,Caesar,Paris,JAMS,SEASHELLS,6498.0,7
11874,644600,Caesar,Paris,JAMS,SEASHELLS,6501.0,10
11900,646100,Caesar,Paris,JAMS,SEASHELLS,6501.0,8
11941,648800,Caesar,Paris,JAMS,SEASHELLS,6498.0,8
11953,649700,Caesar,Paris,JAMS,SEASHELLS,6498.0,10
11989,652300,Caesar,Camilla,JAMS,SEASHELLS,6502.0,6
11997,652400,Caesar,Paris,JAMS,SEASHELLS,6502.0,4
11999,652600,Camilla,Paris,JAMS,SEASHELLS,6504.0,3
12002,652700,Caesar,Camilla,JAMS,SEASHELLS,6503.0,7
12033,654400,Paris,Caesar,JAMS,SEASHELLS,6505.0,10
12054,655700,Caesar,Camilla,JAMS,SEASHELLS,6503.0,12
12087,657000,Paris,Caesar,JAMS,SEASHELLS,6504.0,8
12092,657500,Paris,Caesar,JAMS,SEASHELLS,6505.0,4
12093,657600,Caesar,Camilla,JAMS,SEASHELLS,6503.0,10
12096,657800,Paris,Caesar,JAMS,SEASHELLS,6504.0,8
12101,658200,Paris,Caesar,JAMS,SEASHELLS,6504.0,7
12104,658500,Caesar,Paris,JAMS,SEASHELLS,6504.0,4
12124,660000,Caesar,Paris,JAMS,SEASHELLS,6506.0,8
12146,660700,Paris,Caesar,JAMS,SEASHELLS,6508.0,6
12152,661200,Caesar,Paris,JAMS,SEASHELLS,6507.0,10
12154,661500,Paris,Caesar,JAMS,SEASHELLS,6509.0,7
12190,663400,Caesar,Camilla,JAMS,SEASHELLS,6508.0,8
12218,665200,Caesar,Camilla,JAMS,SEASHELLS,6508.0,7
12223,665600,Paris,Caesar,JAMS,SEASHELLS,6509.0,9
12261,666600,Paris,Caesar,JAMS,SEASHELLS,6510.0,8
12271,666900,Caesar,Camilla,JAMS,SEASHELLS,6508.0,12
12278,667100,Caesar,Camilla,JAMS,SEASHELLS,6507.0,7
12312,668100,Caesar,Paris,JAMS,SEASHELLS,6508.0,7
12319,668700,Caesar,Camilla,JAMS,SEASHELLS,6509.0,8
12340,670400,Paris,Caesar,JAMS,SEASHELLS,6510.0,6
12345,671300,Caesar,Paris,JAMS,SEASHELLS,6508.0,4
12347,671400,Paris,Caesar,JAMS,SEASHELLS,6510.0,5
12355,672100,Paris,Caesar,JAMS,SEASHELLS,6510.0,5
12356,672200,Paris,Caesar,JAMS,SEASHELLS,6510.0,8
12366,672600,Caesar,Paris,JAMS,SEASHELLS,6509.0,10
12384,674300,Paris,Caesar,JAMS,SEASHELLS,6513.0,5
12422,675800,Caesar,Paris,JAMS,SEASHELLS,6511.0,8
12431,676300,Caesar,Paris,JAMS,SEASHELLS,6510.0,5
12441,676800,Caesar,Camilla,JAMS,SEASHELLS,6510.0,12
12449,677200,Caesar,Paris,JAMS,SEASHELLS,6511.0,6
12455,677600,Caesar,Camilla,JAMS,SEASHELLS,6511.0,6
12519,681000,Caesar,Camilla,JAMS,SEASHELLS,6512.0,5
12527,681500,Caesar,Camilla,JAMS,SEASHELLS,6512.0,11
12553,682600,Caesar,Paris,JAMS,SEASHELLS,6512.0,8
12559,683200,Caesar,Paris,JAMS,SEASHELLS,6512.0,5
12574,683900,Caesar,Paris,JAMS,SEASHELLS,6513.0,5
12577,684400,Caesar,Paris,JAMS,SEASHELLS,6514.0,9
12580,684600,Caesar,Camilla,JAMS,SEASHELLS,6515.0,6
12593,685200,Caesar,Paris,JAMS,SEASHELLS,6517.0,9
12594,685300,Caesar,Camilla,JAMS,SEASHELLS,6517.0,8
12634,687000,Caesar,Camilla,JAMS,SEASHELLS,6520.0,3
12637,687100,Caesar,Paris,JAMS,SEASHELLS,6520.0,9
12639,687300,Caesar,Paris,JAMS,SEASHELLS,6520.0,4
12645,688000,Paris,Caesar,JAMS,SEASHELLS,6522.0,5
12647,688200,Caesar,Camilla,JAMS,SEASHELLS,6520.0,7
12652,688600,Caesar,Camilla,JAMS,SEASHELLS,6521.0,10
12659,689400,Paris,Caesar,JAMS,SEASHELLS,6519.0,8
12667,689900,Paris,Caesar,JAMS,SEASHELLS,6518.0,5
12707,691700,Caesar,Paris,JAMS,SEASHELLS,6516.0,4
12718,692000,Caesar,Paris,JAMS,SEASHELLS,6516.0,6
12736,692700,Paris,Caesar,JAMS,SEASHELLS,6518.0,4
12748,693200,Paris,Caesar,JAMS,SEASHELLS,6518.0,8
12760,693400,Caesar,Paris,JAMS,SEASHELLS,6517.0,6
12810,696000,Paris,Caesar,JAMS,SEASHELLS,6519.0,5
12821,697100,Caesar,Camilla,JAMS,SEASHELLS,6518.0,3
12835,698200,Paris,Caesar,JAMS,SEASHELLS,6516.0,6
12846,698900,Paris,Caesar,JAMS,SEASHELLS,6516.0,4
12935,703900,Paris,Caesar,JAMS,SEASHELLS,6520.0,5
12961,705300,Caesar,Paris,JAMS,SEASHELLS,6519.0,7
12965,705400,Caesar,Camilla,JAMS,SEASHELLS,6519.0,5
12970,705600,Caesar,Paris,JAMS,SEASHELLS,6518.0,9
12982,705900,Caesar,Paris,JAMS,SEASHELLS,6518.0,5
12983,706200,Paris,Caesar,JAMS,SEASHELLS,6520.0,5
12990,706900,Paris,Caesar,JAMS,SEASHELLS,6521.0,7
13018,708100,Paris,Caesar,JAMS,SEASHELLS,6521.0,8
13029,708600,Caesar,Paris,JAMS,SEASHELLS,6519.0,5
13044,709700,Caesar,Paris,JAMS,SEASHELLS,6519.0,6
13061,710300,Paris,Caesar,JAMS,SEASHELLS,6521.0,6
13064,710500,Paris,Camilla,JAMS,SEASHELLS,6520.0,7
13073,710800,Camilla,Paris,JAMS,SEASHELLS,6520.0,4
13101,713300,Caesar,Paris,JAMS,SEASHELLS,6518.0,10
13115,714200,Caesar,Paris,JAMS,SEASHELLS,6518.0,4
13125,715200,Caesar,Paris,JAMS,SEASHELLS,6517.0,6
13140,716000,Paris,Caesar,JAMS,SEASHELLS,6518.0,8
13153,716500,Paris,Caesar,JAMS,SEASHELLS,6517.0,4
13180,717600,Paris,Caesar,JAMS,SEASHELLS,6517.0,9
13194,718100,Caesar,Camilla,JAMS,SEASHELLS,6517.0,4
13195,718100,Paris,Caesar,JAMS,SEASHELLS,6518.0,8
13228,719900,Caesar,Camilla,JAMS,SEASHELLS,6517.0,9
13265,722000,Caesar,Paris,JAMS,SEASHELLS,6515.0,4
13270,722300,Caesar,Camilla,JAMS,SEASHELLS,6516.0,11
13301,723600,Paris,Caesar,JAMS,SEASHELLS,6518.0,6
13313,724200,Paris,Caesar,JAMS,SEASHELLS,6518.0,6
13322,724800,Paris,Caesar,JAMS,SEASHELLS,6518.0,9
13325,725000,Caesar,Paris,JAMS,SEASHELLS,6517.0,5
13347,726300,Caesar,Camilla,JAMS,SEASHELLS,6516.0,8
13348,726300,Paris,Caesar,JAMS,SEASHELLS,6518.0,8
13361,726800,Caesar,Paris,JAMS,SEASHELLS,6516.0,5
13403,728500,Caesar,Paris,JAMS,SEASHELLS,6515.0,6
13416,729100,Paris,Caesar,JAMS,SEASHELLS,6516.0,6
13421,729600,Caesar,Paris,JAMS,SEASHELLS,6514.0,9
13459,731500,Caesar,Paris,JAMS,SEASHELLS,6511.0,6
13468,731800,Paris,Caesar,JAMS,SEASHELLS,6513.0,7
13488,733800,Caesar,Camilla,JAMS,SEASHELLS,6509.0,5
13521,735200,Caesar,Paris,JAMS,SEASHELLS,6508.0,4
13522,735400,Caesar,Camilla,JAMS,SEASHELLS,6508.0,8
13529,735800,Caesar,Camilla,JAMS,SEASHELLS,6509.0,6
13534,736000,Caesar,Paris,JAMS,SEASHELLS,6509.0,5
13543,736100,Paris,Caesar,JAMS,SEASHELLS,6512.0,6
13545,736200,Caesar,Paris,JAMS,SEASHELLS,6510.0,5
13548,736400,Caesar,Camilla,JAMS,SEASHELLS,6510.0,4
13549,736400,Paris,Caesar,JAMS,SEASHELLS,6512.0,10
13554,736900,Caesar,Paris,JAMS,SEASHELLS,6510.0,7
13571,737400,Paris,Caesar,JAMS,SEASHELLS,6512.0,4
13574,737500,Caesar,Camilla,JAMS,SEASHELLS,6510.0,4
13616,739900,Caesar,Camilla,JAMS,SEASHELLS,6512.0,3
13675,743700,Caesar,Paris,JAMS,SEASHELLS,6511.0,9
13678,744000,Caesar,Camilla,JAMS,SEASHELLS,6511.0,5
13697,745000,Caesar,Paris,JAMS,SEASHELLS,6509.0,7
13714,746200,Paris,Caesar,JAMS,SEASHELLS,6513.0,7
13720,746600,Caesar,Paris,JAMS,SEASHELLS,6511.0,5
13739,747200,Caesar,Paris,JAMS,SEASHELLS,6511.0,8
13755,748000,Caesar,Camilla,JAMS,SEASHELLS,6512.0,11
13756,748300,Paris,Caesar,JAMS,SEASHELLS,6514.0,6
13761,748700,Caesar,Paris,JAMS,SEASHELLS,6512.0,7
13766,748900,Paris,Caesar,JAMS,SEASHELLS,6514.0,7
13776,749600,Caesar,Camilla,JAMS,SEASHELLS,6512.0,8
13800,750600,Paris,Caesar,JAMS,SEASHELLS,6513.0,4
13802,750700,Caesar,Camilla,JAMS,SEASHELLS,6511.0,11
13806,751100,Caesar,Camilla,JAMS,SEASHELLS,6511.0,11
13845,753000,Paris,Caesar,JAMS,SEASHELLS,6511.0,10
13850,753500,Caesar,Paris,JAMS,SEASHELLS,6509.0,4
13854,754200,Caesar,Camilla,JAMS,SEASHELLS,6508.0,3
13871,755000,Caesar,Camilla,JAMS,SEASHELLS,6509.0,5
13872,755000,Caesar,Paris,JAMS,SEASHELLS,6509.0,8
13879,755300,Paris,Caesar,JAMS,SEASHELLS,6510.0,9
13881,755400,Caesar,Camilla,JAMS,SEASHELLS,6508.0,7
13927,758600,Paris,Caesar,JAMS,SEASHELLS,6509.0,10
13930,758800,Caesar,Paris,JAMS,SEASHELLS,6507.0,8
13951,760600,Caesar,Paris,JAMS,SEASHELLS,6507.0,8
13990,762800,Caesar,Paris,JAMS,SEASHELLS,6510.0,9
14009,764700,Caesar,Paris,JAMS,SEASHELLS,6511.0,10
14026,765800,Caesar,Paris,JAMS,SEASHELLS,6511.0,6
14028,766300,Paris,Caesar,JAMS,SEASHELLS,6513.0,6
14038,767000,Paris,Caesar,JAMS,SEASHELLS,6513.0,4
14043,767400,Paris,Caesar,JAMS,SEASHELLS,6513.0,10
14049,767600,Caesar,Paris,JAMS,SEASHELLS,6512.0,4
14065,768500,Paris,Caesar,JAMS,SEASHELLS,6512.0,6
14066,768700,Caesar,Paris,JAMS,SEASHELLS,6511.0,4
14076,769100,Caesar,Camilla,JAMS,SEASHELLS,6510.0,11
14083,769300,Caesar,Camilla,JAMS,SEASHELLS,6510.0,9
14084,769400,Caesar,Camilla,JAMS,SEASHELLS,6510.0,9
14117,770200,Caesar,Paris,JAMS,SEASHELLS,6509.0,8
14149,771800,Caesar,Camilla,JAMS,SEASHELLS,6510.0,12
14155,772300,Caesar,Camilla,JAMS,SEASHELLS,6510.0,4
14156,772300,Caesar,Paris,JAMS,SEASHELLS,6510.0,10
14233,776700,Paris,Caesar,JAMS,SEASHELLS,6508.0,5
14241,777100,Caesar,Camilla,JAMS,SEASHELLS,6506.0,4
14261,777700,Caesar,Paris,JAMS,SEASHELLS,6506.0,8
14267,778200,Paris,Caesar,JAMS,SEASHELLS,6506.0,5
14275,779200,Caesar,Paris,JAMS,SEASHELLS,6504.0,6
14290,780400,Paris,Caesar,JAMS,SEASHELLS,6506.0,4
14295,780800,Caesar,Camilla,JAMS,SEASHELLS,6505.0,4
14312,781500,Paris,Caesar,JAMS,SEASHELLS,6505.0,6
14337,782600,Caesar,Paris,JAMS,SEASHELLS,6502.0,5
14347,783300,Paris,Caesar,JAMS,SEASHELLS,6505.0,6
14349,783500,Paris,Caesar,JAMS,SEASHELLS,6507.0,6
14375,785000,Caesar,Camilla,JAMS,SEASHELLS,6502.0,12
14384,785500,Caesar,Paris,JAMS,SEASHELLS,6501.0,8
14410,786900,Caesar,Paris,JAMS,SEASHELLS,6501.0,4
14416,787100,Paris,Caesar,JAMS,SEASHELLS,6503.0,6
14420,787300,Paris,Caesar,JAMS,SEASHELLS,6503.0,8
14423,787700,Caesar,Paris,JAMS,SEASHELLS,6502.0,6
14445,788700,Paris,Caesar,JAMS,SEASHELLS,6504.0,7
14468,790000,Caesar,Camilla,JAMS,SEASHELLS,6504.0,3
14475,790500,Caesar,Paris,JAMS,SEASHELLS,6504.0,10
14476,790600,Paris,Caesar,JAMS,SEASHELLS,6505.0,7
14482,791100,Paris,Caesar,JAMS,SEASHELLS,6504.0,7
14486,791200,Caesar,Paris,JAMS,SEASHELLS,6502.0,8
14506,792000,Paris,Caesar,JAMS,SEASHELLS,6505.0,10
14528,793000,Caesar,Paris,JAMS,SEASHELLS,6503.0,10
14538,793500,Caesar,Paris,JAMS,SEASHELLS,6503.0,8
14564,794700,Paris,Caesar,JAMS,SEASHELLS,6504.0,6
14569,795300,Paris,Caesar,JAMS,SEASHELLS,6506.0,7
14585,795800,Paris,Caesar,JAMS,SEASHELLS,6506.0,6
14605,796800,Caesar,Camilla,JAMS,SEASHELLS,6506.0,9
14632,798300,Paris,Caesar,JAMS,SEASHELLS,6506.0,7
14666,799500,Caesar,Paris,JAMS,SEASHELLS,6504.0,8
14669,799600,Paris,Caesar,JAMS,SEASHELLS,6506.0,7
14684,800400,Paris,Caesar,JAMS,SEASHELLS,6505.0,9
14693,801200,Paris,Caesar,JAMS,SEASHELLS,6504.0,8
14703,802200,Caesar,Paris,JAMS,SEASHELLS,6505.0,8
14704,802300,Caesar,Paris,JAMS,SEASHELLS,6506.0,10
14718,803700,Paris,Caesar,JAMS,SEASHELLS,6507.0,7
14744,805000,Caesar,Paris,JAMS,SEASHELLS,6505.0,9
14782,807400,Caesar,Camilla,JAMS,SEASHELLS,6507.0,7
14827,809900,Paris,Caesar,JAMS,SEASHELLS,6506.0,5
14828,810000,Paris,Caesar,JAMS,SEASHELLS,6506.0,7
14851,811700,Paris,Caesar,JAMS,SEASHELLS,6506.0,4
14876,813300,Paris,Caesar,JAMS,SEASHELLS,6508.0,5
14890,814300,Paris,Caesar,JAMS,SEASHELLS,6510.0,10
14897,814500,Paris,Caesar,JAMS,SEASHELLS,6509.0,5
14898,814700,Paris,Caesar,JAMS,SEASHELLS,6509.0,10
14902,815000,Caesar,Camilla,JAMS,SEASHELLS,6510.0,6
14903,815000,Caesar,Paris,JAMS,SEASHELLS,6510.0,7
14914,815200,Caesar,Paris,JAMS,SEASHELLS,6510.0,8
14928,815900,Caesar,Camilla,JAMS,SEASHELLS,6511.0,4
14945,816700,Caesar,Camilla,JAMS,SEASHELLS,6511.0,4
14947,816800,Caesar,Paris,JAMS,SEASHELLS,6510.0,5
14958,817200,Caesar,Camilla,JAMS,SEASHELLS,6511.0,9
14961,817800,Paris,Caesar,JAMS,SEASHELLS,6513.0,5
14971,818300,Caesar,Paris,JAMS,SEASHELLS,6511.0,9
14977,818900,Paris,Caesar,JAMS,SEASHELLS,6513.0,6
14985,819400,Caesar,Paris,JAMS,SEASHELLS,6513.0,6
14989,819800,Paris,Caesar,JAMS,SEASHELLS,6517.0,4
15034,821900,Caesar,Camilla,JAMS,SEASHELLS,6514.0,3
15077,822800,Caesar,Camilla,JAMS,SEASHELLS,6515.0,6
15084,823200,Paris,Caesar,JAMS,SEASHELLS,6517.0,5
15093,823900,Caesar,Paris,JAMS,SEASHELLS,6515.0,6
15096,824200,Paris,Caesar,JAMS,SEASHELLS,6517.0,7
15107,824700,Paris,Caesar,JAMS,SEASHELLS,6517.0,10
15123,825800,Caesar,Camilla,JAMS,SEASHELLS,6516.0,11
15142,827100,Paris,Caesar,JAMS,SEASHELLS,6518.0,5
15148,827900,Caesar,Camilla,JAMS,SEASHELLS,6516.0,12
15152,828100,Caesar,Camilla,JAMS,SEASHELLS,6515.0,10
15182,830100,Caesar,Camilla,JAMS,SEASHELLS,6511.0,7
15183,830100,Paris,Caesar,JAMS,SEASHELLS,6513.0,7
15188,830400,Caesar,Camilla,JAMS,SEASHELLS,6511.0,9
15263,834700,Caesar,Paris,JAMS,SEASHELLS,6515.0,8
15291,835500,Caesar,Camilla,JAMS,SEASHELLS,6515.0,11
15312,836000,Caesar,Paris,JAMS,SEASHELLS,6515.0,4
15315,836100,Paris,Caesar,JAMS,SEASHELLS,6517.0,9
15326,836600,Caesar,Camilla,JAMS,SEASHELLS,6516.0,11
15329,836700,Caesar,Paris,JAMS,SEASHELLS,6516.0,9
15345,837800,Paris,Caesar,JAMS,SEASHELLS,6515.0,5
15349,838200,Paris,Caesar,JAMS,SEASHELLS,6516.0,9
15374,839700,Caesar,Camilla,JAMS,SEASHELLS,6515.0,6
15379,839900,Caesar,Paris,JAMS,SEASHELLS,6514.0,10
15393,840900,Caesar,Paris,JAMS,SEASHELLS,6514.0,10
15405,842100,Paris,Caesar,JAMS,SEASHELLS,6517.0,10
15414,842500,Caesar,Paris,JAMS,SEASHELLS,6514.0,10
15434,843900,Caesar,Paris,JAMS,SEASHELLS,6515.0,6
15441,844400,Caesar,Paris,JAMS,SEASHELLS,6516.0,6
15487,845700,Caesar,Camilla,JAMS,SEASHELLS,6513.0,10
15500,846400,Caesar,Paris,JAMS,SEASHELLS,6513.0,8
15512,847200,Paris,Caesar,JAMS,SEASHELLS,6510.0,5
15527,849600,Caesar,Paris,JAMS,SEASHELLS,6505.0,7
15606,853600,Paris,Caesar,JAMS,SEASHELLS,6510.0,10
15626,855100,Caesar,Camilla,JAMS,SEASHELLS,6509.0,3
15660,857000,Caesar,Paris,JAMS,SEASHELLS,6508.0,4
15669,857400,Caesar,Paris,JAMS,SEASHELLS,6507.0,10
15670,857700,Paris,Caesar,JAMS,SEASHELLS,6509.0,10
15683,857900,Caesar,Paris,JAMS,SEASHELLS,6507.0,5
15698,858800,Paris,Caesar,JAMS,SEASHELLS,6509.0,5
15710,859200,Caesar,Camilla,JAMS,SEASHELLS,6507.0,6
15753,860700,Paris,Caesar,JAMS,SEASHELLS,6510.0,8
15754,860800,Paris,Caesar,JAMS,SEASHELLS,6510.0,6
15780,863500,Paris,Caesar,JAMS,SEASHELLS,6510.0,5
15786,863900,Caesar,Camilla,JAMS,SEASHELLS,6508.0,8
15800,864900,Caesar,Paris,JAMS,SEASHELLS,6509.0,10
15810,865100,Caesar,Paris,JAMS,SEASHELLS,6509.0,10
15826,865700,Caesar,Paris,JAMS,SEASHELLS,6509.0,5
15828,866000,Paris,Caesar,JAMS,SEASHELLS,6511.0,9
15833,866300,Caesar,Paris,JAMS,SEASHELLS,6509.0,6
15834,867000,Caesar,Camilla,JAMS,SEASHELLS,6510.0,10
15847,867400,Caesar,Paris,JAMS,SEASHELLS,6510.0,7
15857,867700,Paris,Caesar,JAMS,SEASHELLS,6510.0,8
15859,867900,Caesar,Paris,JAMS,SEASHELLS,6508.0,8
15871,868900,Paris,Caesar,JAMS,SEASHELLS,6509.0,5
15876,869100,Paris,Caesar,JAMS,SEASHELLS,6510.0,8
15884,869400,Paris,Caesar,JAMS,SEASHELLS,6510.0,6
15922,870700,Paris,Caesar,JAMS,SEASHELLS,6511.0,7
15940,871900,Caesar,Paris,JAMS,SEASHELLS,6509.0,8
15941,872000,Caesar,Camilla,JAMS,SEASHELLS,6509.0,8
15972,873100,Paris,Camilla,JAMS,SEASHELLS,6509.0,7
15989,873600,Paris,Caesar,JAMS,SEASHELLS,6511.0,8
16018,875200,Paris,Caesar,JAMS,SEASHELLS,6512.0,7
16022,875400,Caesar,Paris,JAMS,SEASHELLS,6510.0,7
16039,876900,Caesar,Paris,JAMS,SEASHELLS,6511.0,9
16040,877000,Paris,Caesar,JAMS,SEASHELLS,6513.0,10
16058,878500,Caesar,Camilla,JAMS,SEASHELLS,6512.0,10
16059,878500,Paris,Caesar,JAMS,SEASHELLS,6514.0,9
16072,880000,Paris,Camilla,JAMS,SEASHELLS,6511.0,9
16088,880800,Paris,Caesar,JAMS,SEASHELLS,6512.0,8
16090,880900,Paris,Caesar,JAMS,SEASHELLS,6512.0,10
16092,881000,Caesar,Camilla,JAMS,SEASHELLS,6510.0,9
16110,881600,Caesar,Camilla,JAMS,SEASHELLS,6510.0,5
16111,881600,Paris,Caesar,JAMS,SEASHELLS,6511.0,6
16114,881800,Caesar,Paris,JAMS,SEASHELLS,6510.0,9
16147,883400,Caesar,Camilla,JAMS,SEASHELLS,6511.0,11
16160,884300,Caesar,Paris,JAMS,SEASHELLS,6510.0,4
16175,885000,Caesar,Paris,JAMS,SEASHELLS,6510.0,6
16176,885300,Caesar,Paris,JAMS,SEASHELLS,6510.0,9
16183,886000,Paris,Caesar,JAMS,SEASHELLS,6512.0,4
16228,888600,Paris,Caesar,JAMS,SEASHELLS,6519.0,10
16249,889300,Caesar,Paris,JAMS,SEASHELLS,6517.0,9
16251,889500,Paris,Caesar,JAMS,SEASHELLS,6518.0,10
16254,889800,Caesar,Paris,JAMS,SEASHELLS,6516.0,10
16264,890000,Caesar,Paris,JAMS,SEASHELLS,6515.0,8
16267,890100,Caesar,Camilla,JAMS,SEASHELLS,6514.0,4
16293,891400,Paris,Caesar,JAMS,SEASHELLS,6516.0,4
16298,891700,Paris,Caesar,JAMS,SEASHELLS,6516.0,6
16311,892100,Caesar,Paris,JAMS,SEASHELLS,6515.0,6
16317,892700,Caesar,Camilla,JAMS,SEASHELLS,6516.0,12
16322,892800,Caesar,Camilla,JAMS,SEASHELLS,6516.0,9
16348,894900,Caesar,Camilla,JAMS,SEASHELLS,6516.0,12
16357,895500,Caesar,Paris,JAMS,SEASHELLS,6516.0,8
16381,897000,Caesar,Paris,JAMS,SEASHELLS,6516.0,7
16384,897100,Caesar,Paris,JAMS,SEASHELLS,6517.0,8
16385,897200,Paris,Caesar,JAMS,SEASHELLS,6519.0,6
16392,897800,Caesar,Camilla,JAMS,SEASHELLS,6518.0,3
16422,900200,Caesar,Camilla,JAMS,SEASHELLS,6516.0,8
16438,901500,Caesar,Paris,JAMS,SEASHELLS,6516.0,4
16501,904700,Paris,Caesar,JAMS,SEASHELLS,6518.0,6
16508,905100,Caesar,Paris,JAMS,SEASHELLS,6517.0,7
16516,905300,Caesar,Paris,JAMS,SEASHELLS,6517.0,7
16517,905400,Caesar,Camilla,JAMS,SEASHELLS,6517.0,4
16523,906100,Caesar,Paris,JAMS,SEASHELLS,6517.0,4
16534,906700,Caesar,Camilla,JAMS,SEASHELLS,6519.0,7
16567,909600,Caesar,Paris,JAMS,SEASHELLS,6517.0,9
16573,910100,Caesar,Paris,JAMS,SEASHELLS,6517.0,9
16591,911200,Paris,Caesar,JAMS,SEASHELLS,6519.0,10
16594,911600,Paris,Caesar,JAMS,SEASHELLS,6518.0,8
16620,913300,Caesar,Paris,JAMS,SEASHELLS,6515.0,5
16626,913600,Paris,Caesar,JAMS,SEASHELLS,6517.0,9
16658,914600,Caesar,Camilla,JAMS,SEASHELLS,6515.0,4
16663,915200,Caesar,Paris,JAMS,SEASHELLS,6515.0,5
16690,916200,Caesar,Paris,JAMS,SEASHELLS,6517.0,9
16694,916300,Caesar,Camilla,JAMS,SEASHELLS,6517.0,3
16703,916700,Caesar,Camilla,JAMS,SEASHELLS,6517.0,3
16705,916900,Caesar,Camilla,JAMS,SEASHELLS,6517.0,6
16712,917000,Caesar,Paris,JAMS,SEASHELLS,6517.0,10
16743,919400,Paris,Caesar,JAMS,SEASHELLS,6520.0,10
16746,919500,Caesar,Camilla,JAMS,SEASHELLS,6518.0,10
16842,924600,Caesar,Paris,JAMS,SEASHELLS,6522.0,7
16843,924700,Paris,Caesar,JAMS,SEASHELLS,6525.0,8
16857,925400,Paris,Caesar,JAMS,SEASHELLS,6523.0,5
16885,927100,Caesar,Paris,JAMS,SEASHELLS,6522.0,4
16890,927700,Caesar,Paris,JAMS,SEASHELLS,6521.0,7
16898,928000,Caesar,Camilla,JAMS,SEASHELLS,6520.0,11
16913,928200,Caesar,Paris,JAMS,SEASHELLS,6519.0,6
16924,928400,Paris,Caesar,JAMS,SEASHELLS,6521.0,6
16937,929400,Caesar,Paris,JAMS,SEASHELLS,6516.0,7
16944,929800,Paris,Caesar,JAMS,SEASHELLS,6518.0,9
16956,930700,Caesar,Paris,JAMS,SEASHELLS,6517.0,8
16957,930800,Caesar,Camilla,JAMS,SEASHELLS,6517.0,6
16970,931500,Caesar,Camilla,JAMS,SEASHELLS,6516.0,7
17057,934400,Caesar,Paris,JAMS,SEASHELLS,6518.0,7
17061,934900,Caesar,Camilla,JAMS,SEASHELLS,6519.0,8
17086,936200,Caesar,Camilla,JAMS,SEASHELLS,6520.0,3
17089,936400,Caesar,Paris,JAMS,SEASHELLS,6520.0,9
17090,936500,Caesar,Paris,JAMS,SEASHELLS,6520.0,8
17109,937400,Caesar,Paris,JAMS,SEASHELLS,6519.0,6
17113,937600,Paris,Caesar,JAMS,SEASHELLS,6521.0,9
17127,938000,Caesar,Camilla,JAMS,SEASHELLS,6519.0,5
17131,938600,Caesar,Paris,JAMS,SEASHELLS,6517.0,7
17135,938700,Caesar,Paris,JAMS,SEASHELLS,6517.0,4
17217,942900,Caesar,Camilla,JAMS,SEASHELLS,6516.0,3
17221,943300,Caesar,Camilla,JAMS,SEASHELLS,6517.0,10
17247,945200,Caesar,Camilla,JAMS,SEASHELLS,6518.0,7
17254,945900,Caesar,Camilla,JAMS,SEASHELLS,6517.0,3
17287,947400,Paris,Caesar,JAMS,SEASHELLS,6517.0,9
17338,950100,Caesar,Paris,JAMS,SEASHELLS,6518.0,5
17364,951200,Caesar,Camilla,JAMS,SEASHELLS,6518.0,10
17370,951700,Caesar,Camilla,JAMS,SEASHELLS,6518.0,11
17387,952500,Caesar,Paris,JAMS,SEASHELLS,6516.0,5
17404,953700,Caesar,Camilla,JAMS,SEASHELLS,6518.0,12
17418,955100,Caesar,Camilla,JAMS,SEASHELLS,6521.0,11
17458,958500,Caesar,Paris,JAMS,SEASHELLS,6524.0,9
17461,958800,Paris,Caesar,JAMS,SEASHELLS,6526.0,6
17462,958900,Caesar,Paris,JAMS,SEASHELLS,6524.0,6
17467,959400,Caesar,Camilla,JAMS,SEASHELLS,6525.0,4
17513,961200,Paris,Caesar,JAMS,SEASHELLS,6527.0,4
17514,961400,Caesar,Camilla,JAMS,SEASHELLS,6525.0,12
17515,961400,Paris,Caesar,JAMS,SEASHELLS,6527.0,8
17528,962100,Caesar,Camilla,JAMS,SEASHELLS,6523.0,7
17532,962400,Caesar,Camilla,JAMS,SEASHELLS,6523.0,9
17542,963100,Caesar,Camilla,JAMS,SEASHELLS,6523.0,8
17553,964200,Caesar,Camilla,JAMS,SEASHELLS,6523.0,7
17556,964500,Paris,Caesar,JAMS,SEASHELLS,6525.0,8
17584,966100,Paris,Camilla,JAMS,SEASHELLS,6524.0,6
17598,966500,Caesar,Camilla,JAMS,SEASHELLS,6523.0,11
17607,967300,Caesar,Camilla,JAMS,SEASHELLS,6523.0,12
17646,970900,Caesar,Paris,JAMS,SEASHELLS,6530.0,7
17687,972600,Caesar,Camilla,JAMS,SEASHELLS,6531.0,3
17710,973200,Caesar,Camilla,JAMS,SEASHELLS,6530.0,3
17736,973900,Paris,Caesar,JAMS,SEASHELLS,6532.0,10
17764,974600,Paris,Caesar,JAMS,SEASHELLS,6533.0,4
17776,975100,Caesar,Paris,JAMS,SEASHELLS,6530.0,9
17803,976100,Paris,Caesar,JAMS,SEASHELLS,6532.0,8
17823,976800,Caesar,Paris,JAMS,SEASHELLS,6529.0,7
17840,977400,Paris,Caesar,JAMS,SEASHELLS,6530.0,10
17845,977800,Caesar,Camilla,JAMS,SEASHELLS,6528.0,3
17884,979900,Paris,Camilla,JAMS,SEASHELLS,6529.0,4
17920,981500,Caesar,Camilla,JAMS,SEASHELLS,6528.0,6
17947,983100,Caesar,Camilla,JAMS,SEASHELLS,6528.0,3
17950,983300,Caesar,Camilla,JAMS,SEASHELLS,6528.0,10
17994,986400,Paris,Caesar,JAMS,SEASHELLS,6529.0,8
17995,986600,Paris,Caesar,JAMS,SEASHELLS,6529.0,7
17996,986700,Caesar,Paris,JAMS,SEASHELLS,6527.0,8
18004,986900,Camilla,Paris,JAMS,SEASHELLS,6528.0,7
18009,987400,Paris,Caesar,JAMS,SEASHELLS,6529.0,9
18018,987900,Caesar,Camilla,JAMS,SEASHELLS,6527.0,4
18033,988800,Caesar,Paris,JAMS,SEASHELLS,6527.0,6
18036,989000,Caesar,Paris,JAMS,SEASHELLS,6527.0,6
18047,990000,Caesar,Camilla,JAMS,SEASHELLS,6525.0,12
18055,991000,Paris,Caesar,JAMS,SEASHELLS,6526.0,6
18062,991400,Caesar,Camilla,JAMS,SEASHELLS,6525.0,3
18070,992600,Caesar,Camilla,JAMS,SEASHELLS,6525.0,6
18083,992800,Caesar,Paris,JAMS,SEASHELLS,6525.0,8
18084,993000,Caesar,Camilla,JAMS,SEASHELLS,6525.0,8
18112,994300,Caesar,Paris,JAMS,SEASHELLS,6524.0,10
18115,994500,Caesar,Paris,JAMS,SEASHELLS,6524.0,7
18135,995400,Paris,Caesar,JAMS,SEASHELLS,6526.0,4
18143,995500,Caesar,Paris,JAMS,SEASHELLS,6525.0,9
18181,997200,Paris,Caesar,JAMS,SEASHELLS,6525.0,6
18204,997700,Paris,Caesar,JAMS,SEASHELLS,6526.0,5
18224,998400,Paris,Caesar,JAMS,SEASHELLS,6527.0,4
1,999600,Caesar,Paris,JAMS,SEASHELLS,6522.0,6
4,999900,Paris,Caesar,JAMS,SEASHELLS,6523.0,10
11,1000500,Paris,Caesar,JAMS,SEASHELLS,6523.0,9
14,1000700,Paris,Caesar,JAMS,SEASHELLS,6523.0,5
36,1001600,Paris,Caesar,JAMS,SEASHELLS,6519.0,4
46,1002100,Caesar,Paris,JAMS,SEASHELLS,6516.0,9
55,1002300,Caesar,Camilla,JAMS,SEASHELLS,6516.0,5
56,1002300,Paris,Caesar,JAMS,SEASHELLS,6518.0,9
87,1004300,Caesar,Camilla,JAMS,SEASHELLS,6515.0,6
134,1008400,Caesar,Camilla,JAMS,SEASHELLS,6512.0,4
184,1011200,Paris,Caesar,JAMS,SEASHELLS,6515.0,8
192,1011600,Caesar,Paris,JAMS,SEASHELLS,6514.0,7
245,1014100,Caesar,Camilla,JAMS,SEASHELLS,6515.0,3
282,1015700,Caesar,Paris,JAMS,SEASHELLS,6514.0,9
296,1016900,Caesar,Camilla,JAMS,SEASHELLS,6514.0,11
309,1017300,Paris,Camilla,JAMS,SEASHELLS,6514.0,8
317,1017600,Caesar,Paris,JAMS,SEASHELLS,6512.0,8
318,1017900,Caesar,Paris,JAMS,SEASHELLS,6512.0,8
325,1018700,Paris,Caesar,JAMS,SEASHELLS,6515.0,5
326,1018800,Paris,Camilla,JAMS,SEASHELLS,6514.0,3
336,1020100,Caesar,Paris,JAMS,SEASHELLS,6514.0,10
339,1020300,Paris,Caesar,JAMS,SEASHELLS,6515.0,6
348,1020900,Caesar,Paris,JAMS,SEASHELLS,6513.0,5
377,1022500,Paris,Caesar,JAMS,SEASHELLS,6512.0,9
405,1023500,Caesar,Paris,JAMS,SEASHELLS,6510.0,6
406,1023800,Caesar,Paris,JAMS,SEASHELLS,6512.0,5
429,1024900,Caesar,Paris,JAMS,SEASHELLS,6511.0,8
430,1025100,Paris,Caesar,JAMS,SEASHELLS,6513.0,4
445,1025800,Caesar,Camilla,JAMS,SEASHELLS,6512.0,12
446,1026100,Caesar,Camilla,JAMS,SEASHELLS,6512.0,6
464,1026400,Caesar,Paris,JAMS,SEASHELLS,6514.0,7
476,1026900,Caesar,Paris,JAMS,SEASHELLS,6516.0,8
478,1027100,Caesar,Camilla,JAMS,SEASHELLS,6515.0,4
509,1028800,Caesar,Camilla,JAMS,SEASHELLS,6516.0,6
535,1030000,Paris,Caesar,JAMS,SEASHELLS,6518.0,9
553,1030500,Caesar,Paris,JAMS,SEASHELLS,6515.0,10
604,1032900,Caesar,Paris,JAMS,SEASHELLS,6514.0,4
607,1033000,Caesar,Paris,JAMS,SEASHELLS,6513.0,4
625,1034000,Caesar,Camilla,JAMS,SEASHELLS,6514.0,5
626,1034000,Caesar,Paris,JAMS,SEASHELLS,6514.0,4
629,1034400,Caesar,Camilla,JAMS,SEASHELLS,6514.0,11
667,1036400,Caesar,Camilla,JAMS,SEASHELLS,6513.0,4
679,1037000,Paris,Caesar,JAMS,SEASHELLS,6515.0,4
687,1037200,Paris,Caesar,JAMS,SEASHELLS,6515.0,6
731,1040000,Caesar,Paris,JAMS,SEASHELLS,6513.0,6
740,1040400,Paris,Caesar,JAMS,SEASHELLS,6515.0,5
743,1040500,Caesar,Paris,JAMS,SEASHELLS,6514.0,9
747,1040700,Caesar,Paris,JAMS,SEASHELLS,6514.0,9
774,1042200,Paris,Caesar,JAMS,SEASHELLS,6516.0,8
777,1042300,Caesar,Paris,JAMS,SEASHELLS,6514.0,4
829,1044200,Caesar,Camilla,JAMS,SEASHELLS,6516.0,5
837,1044300,Caesar,Paris,JAMS,SEASHELLS,6515.0,6
855,1044900,Paris,Caesar,JAMS,SEASHELLS,6517.0,4
858,1045100,Paris,Caesar,JAMS,SEASHELLS,6517.0,6
933,1048600,Paris,Caesar,JAMS,SEASHELLS,6519.0,9
935,1048700,Caesar,Camilla,JAMS,SEASHELLS,6518.0,9
936,1048900,Caesar,Camilla,JAMS,SEASHELLS,6518.0,12
956,1050000,Caesar,Paris,JAMS,SEASHELLS,6521.0,7
964,1050500,Caesar,Camilla,JAMS,SEASHELLS,6522.0,7
965,1050500,Caesar,Paris,JAMS,SEASHELLS,6522.0,4
1009,1052700,Caesar,Paris,JAMS,SEASHELLS,6523.0,4
1026,1053500,Paris,Caesar,JAMS,SEASHELLS,6524.0,5
1050,1055000,Paris,Caesar,JAMS,SEASHELLS,6521.0,5
1051,1055100,Paris,Caesar,JAMS,SEASHELLS,6521.0,9
1054,1055200,Caesar,Paris,JAMS,SEASHELLS,6520.0,8
1056,1055400,Paris,Caesar,JAMS,SEASHELLS,6522.0,5
1078,1056100,Caesar,Paris,JAMS,SEASHELLS,6520.0,5
1089,1056600,Caesar,Camilla,JAMS,SEASHELLS,6522.0,4
1090,1056600,Paris,Caesar,JAMS,SEASHELLS,6524.0,8
1118,1058200,Paris,Caesar,JAMS,SEASHELLS,6525.0,8
1126,1058900,Caesar,Camilla,JAMS,SEASHELLS,6524.0,10
1130,1059200,Caesar,Paris,JAMS,SEASHELLS,6524.0,6
1133,1059500,Caesar,Paris,JAMS,SEASHELLS,6524.0,7
1143,1060000,Caesar,Camilla,JAMS,SEASHELLS,6524.0,4
1144,1060000,Paris,Caesar,JAMS,SEASHELLS,6526.0,10
1152,1060200,Paris,Caesar,JAMS,SEASHELLS,6526.0,6
1153,1060500,Caesar,Camilla,JAMS,SEASHELLS,6524.0,6
1168,1061500,Paris,Caesar,JAMS,SEASHELLS,6524.0,8
1179,1062400,Camilla,Paris,JAMS,SEASHELLS,6522.0,7
1193,1063400,Caesar,Camilla,JAMS,SEASHELLS,6520.0,4
1200,1063600,Caesar,Paris,JAMS,SEASHELLS,6519.0,10
1205,1064000,Caesar,Camilla,JAMS,SEASHELLS,6519.0,5
1231,1065500,Caesar,Camilla,JAMS,SEASHELLS,6520.0,10
1278,1067000,Paris,Caesar,JAMS,SEASHELLS,6523.0,8
1289,1068500,Caesar,Paris,JAMS,SEASHELLS,6520.0,10
1336,1070900,Caesar,Paris,JAMS,SEASHELLS,6519.0,6
1396,1074200,Caesar,Paris,JAMS,SEASHELLS,6517.0,8
1413,1075500,Paris,Caesar,JAMS,SEASHELLS,6517.0,5
1438,1078400,Caesar,Camilla,JAMS,SEASHELLS,6517.0,11
1452,1079300,Caesar,Camilla,JAMS,SEASHELLS,6517.0,5
1489,1080400,Caesar,Camilla,JAMS,SEASHELLS,6518.0,4
1490,1080600,Caesar,Paris,JAMS,SEASHELLS,6518.0,6
1498,1081600,Caesar,Camilla,JAMS,SEASHELLS,6517.0,7
1502,1081800,Caesar,Paris,JAMS,SEASHELLS,6516.0,10
1513,1082800,Caesar,Paris,JAMS,SEASHELLS,6516.0,6
1529,1083000,Caesar,Camilla,JAMS,SEASHELLS,6516.0,8
1541,1083200,Caesar,Paris,JAMS,SEASHELLS,6517.0,6
1575,1085500,Caesar,Camilla,JAMS,SEASHELLS,6515.0,5
1583,1085900,Caesar,Paris,JAMS,SEASHELLS,6515.0,6
1595,1087000,Paris,Caesar,JAMS,SEASHELLS,6516.0,8
1607,1088300,Caesar,Camilla,JAMS,SEASHELLS,6514.0,8
1612,1088800,Caesar,Paris,JAMS,SEASHELLS,6514.0,10
1626,1089200,Caesar,Camilla,JAMS,SEASHELLS,6514.0,8
1659,1090400,Caesar,Camilla,JAMS,SEASHELLS,6516.0,8
1691,1091600,Caesar,Camilla,JAMS,SEASHELLS,6516.0,4
1720,1093200,Caesar,Camilla,JAMS,SEASHELLS,6516.0,3
1728,1094100,Paris,Caesar,JAMS,SEASHELLS,6516.0,8
1730,1094200,Paris,Caesar,JAMS,SEASHELLS,6516.0,4
1734,1094400,Paris,Caesar,JAMS,SEASHELLS,6516.0,10
1765,1097100,Paris,Caesar,JAMS,SEASHELLS,6518.0,10
1793,1098200,Caesar,Camilla,JAMS,SEASHELLS,6516.0,10
1814,1099100,Caesar,Paris,JAMS,SEASHELLS,6516.0,8
1837,1100400,Paris,Caesar,JAMS,SEASHELLS,6517.0,5
1868,1101700,Caesar,Camilla,JAMS,SEASHELLS,6516.0,6
1910,1103500,Caesar,Camilla,JAMS,SEASHELLS,6518.0,9
1922,1103900,Caesar,Camilla,JAMS,SEASHELLS,6519.0,8
1931,1104000,Caesar,Paris,JAMS,SEASHELLS,6519.0,4
1938,1104400,Paris,Caesar,JAMS,SEASHELLS,6520.0,4
1959,1105700,Paris,Caesar,JAMS,SEASHELLS,6519.0,10
2001,1107500,Paris,Caesar,JAMS,SEASHELLS,6519.0,8
2002,1107600,Caesar,Paris,JAMS,SEASHELLS,6517.0,4
2013,1108200,Paris,Caesar,JAMS,SEASHELLS,6519.0,6
2023,1109000,Paris,Caesar,JAMS,SEASHELLS,6519.0,8
2025,1109100,Caesar,Camilla,JAMS,SEASHELLS,6518.0,3
2084,1112300,Caesar,Camilla,JAMS,SEASHELLS,6518.0,3
2088,1112500,Caesar,Paris,JAMS,SEASHELLS,6518.0,9
2089,1112800,Paris,Caesar,JAMS,SEASHELLS,6520.0,8
2094,1113100,Paris,Caesar,JAMS,SEASHELLS,6520.0,5
2140,1115200,Caesar,Paris,JAMS,SEASHELLS,6519.0,5
2141,1115300,Caesar,Camilla,JAMS,SEASHELLS,6519.0,11
2142,1115400,Paris,Caesar,JAMS,SEASHELLS,6521.0,9
2144,1115600,Paris,Caesar,JAMS,SEASHELLS,6521.0,4
2145,1115700,Caesar,Paris,JAMS,SEASHELLS,6519.0,9
2155,1116800,Paris,Caesar,JAMS,SEASHELLS,6521.0,5
2156,1116900,Paris,Caesar,JAMS,SEASHELLS,6521.0,8
2162,1117700,Paris,Caesar,JAMS,SEASHELLS,6521.0,4
2176,1118700,Paris,Caesar,JAMS,SEASHELLS,6521.0,6
2180,1119200,Caesar,Paris,JAMS,SEASHELLS,6519.0,9
2183,1119300,Caesar,Paris,JAMS,SEASHELLS,6518.0,6
2205,1120200,Caesar,Camilla,JAMS,SEASHELLS,6519.0,3
2211,1120600,Caesar,Paris,JAMS,SEASHELLS,6519.0,8
2215,1120800,Caesar,Camilla,JAMS,SEASHELLS,6519.0,3
2232,1121900,Caesar,Camilla,JAMS,SEASHELLS,6519.0,4
2240,1122700,Caesar,Paris,JAMS,SEASHELLS,6518.0,7
2242,1122900,Caesar,Paris,JAMS,SEASHELLS,6519.0,7
2270,1124200,Caesar,Paris,JAMS,SEASHELLS,6518.0,4
2298,1124800,Caesar,Paris,JAMS,SEASHELLS,6519.0,6
2323,1126500,Caesar,Camilla,JAMS,SEASHELLS,6520.0,5
2324,1126700,Caesar,Paris,JAMS,SEASHELLS,6520.0,8
2325,1126800,Caesar,Paris,JAMS,SEASHELLS,6520.0,8
2346,1128200,Paris,Caesar,JAMS,SEASHELLS,6520.0,10
2353,1128500,Caesar,Paris,JAMS,SEASHELLS,6517.0,10
2382,1129800,Caesar,Paris,JAMS,SEASHELLS,6516.0,5
2409,1130900,Caesar,Paris,JAMS,SEASHELLS,6516.0,7
2433,1131500,Caesar,Paris,JAMS,SEASHELLS,6517.0,4
2456,1132800,Caesar,Paris,JAMS,SEASHELLS,6517.0,10
2477,1133600,Caesar,Camilla,JAMS,SEASHELLS,6516.0,12
2483,1134400,Caesar,Camilla,JAMS,SEASHELLS,6516.0,6
2486,1134600,Caesar,Camilla,JAMS,SEASHELLS,6516.0,5
2494,1134900,Paris,Caesar,JAMS,SEASHELLS,6518.0,8
2498,1135200,Caesar,Camilla,JAMS,SEASHELLS,6516.0,4
2528,1136500,Paris,Caesar,JAMS,SEASHELLS,6520.0,5
2531,1136900,Caesar,Camilla,JAMS,SEASHELLS,6518.0,12
2533,1137300,Caesar,Camilla,JAMS,SEASHELLS,6518.0,3
2534,1137400,Caesar,Camilla,JAMS,SEASHELLS,6518.0,12
2572,1139100,Caesar,Paris,JAMS,SEASHELLS,6518.0,5
2582,1140000,Paris,Caesar,JAMS,SEASHELLS,6519.0,6
2600,1141100,Caesar,Camilla,JAMS,SEASHELLS,6518.0,8
2601,1141100,Paris,Caesar,JAMS,SEASHELLS,6519.0,4
2695,1143400,Caesar,Camilla,JAMS,SEASHELLS,6520.0,12
2740,1145200,Caesar,Paris,JAMS,SEASHELLS,6522.0,10
2748,1145300,Caesar,Paris,JAMS,SEASHELLS,6522.0,6
2751,1145900,Caesar,Paris,JAMS,SEASHELLS,6520.0,10
2779,1147600,Caesar,Paris,JAMS,SEASHELLS,6520.0,10
2793,1148200,Caesar,Paris,JAMS,SEASHELLS,6521.0,4
2816,1149200,Caesar,Paris,JAMS,SEASHELLS,6520.0,10
2863,1151700,Paris,Caesar,JAMS,SEASHELLS,6525.0,4
2872,1151900,Paris,Caesar,JAMS,SEASHELLS,6526.0,7
2877,1152300,Paris,Caesar,JAMS,SEASHELLS,6526.0,5
2894,1153000,Caesar,Paris,JAMS,SEASHELLS,6526.0,8
2900,1153300,Caesar,Paris,JAMS,SEASHELLS,6526.0,8
2907,1153500,Paris,Caesar,JAMS,SEASHELLS,6528.0,6
2914,1153700,Paris,Caesar,JAMS,SEASHELLS,6528.0,8
2917,1153900,Caesar,Camilla,JAMS,SEASHELLS,6527.0,5
2918,1153900,Paris,Caesar,JAMS,SEASHELLS,6528.0,10
2951,1157000,Caesar,Paris,JAMS,SEASHELLS,6527.0,5
2958,1157200,Caesar,Camilla,JAMS,SEASHELLS,6528.0,8
2959,1157200,Paris,Caesar,JAMS,SEASHELLS,6529.0,4
2976,1159000,Paris,Caesar,JAMS,SEASHELLS,6528.0,6
3002,1160400,Caesar,Paris,JAMS,SEASHELLS,6524.0,4
3018,1161300,Paris,Caesar,JAMS,SEASHELLS,6526.0,4
3027,1161400,Paris,Caesar,JAMS,SEASHELLS,6526.0,4
3062,1163100,Caesar,Camilla,JAMS,SEASHELLS,6524.0,4
3071,1163300,Caesar,Camilla,JAMS,SEASHELLS,6524.0,3
3111,1164900,Caesar,Camilla,JAMS,SEASHELLS,6526.0,7
3143,1165500,Paris,Caesar,JAMS,SEASHELLS,6528.0,5
3159,1166000,Caesar,Paris,JAMS,SEASHELLS,6528.0,10
3187,1167500,Paris,Caesar,JAMS,SEASHELLS,6530.0,8
3205,1168700,Caesar,Paris,JAMS,SEASHELLS,6529.0,7
3223,1169800,Paris,Caesar,JAMS,SEASHELLS,6530.0,10
3252,1170600,Paris,Caesar,JAMS,SEASHELLS,6529.0,7
3253,1170700,Caesar,Paris,JAMS,SEASHELLS,6528.0,10
3301,1172700,Paris,Caesar,JAMS,SEASHELLS,6531.0,8
3307,1172800,Paris,Caesar,JAMS,SEASHELLS,6531.0,7
3312,1173100,Paris,Caesar,JAMS,SEASHELLS,6531.0,5
3314,1173200,Caesar,Paris,JAMS,SEASHELLS,6530.0,8
3320,1173700,Paris,Caesar,JAMS,SEASHELLS,6530.0,8
3321,1173900,Caesar,Paris,JAMS,SEASHELLS,6530.0,5
3325,1174200,Caesar,Paris,JAMS,SEASHELLS,6530.0,10
3339,1174300,Paris,Caesar,JAMS,SEASHELLS,6532.0,6
3410,1177200,Paris,Caesar,JAMS,SEASHELLS,6533.0,7
3446,1179400,Camilla,Paris,JAMS,SEASHELLS,6530.0,7
3458,1180100,Paris,Caesar,JAMS,SEASHELLS,6531.0,6
3477,1180700,Caesar,Paris,JAMS,SEASHELLS,6530.0,5
3502,1182000,Caesar,Paris,JAMS,SEASHELLS,6529.0,9
3525,1183200,Caesar,Paris,JAMS,SEASHELLS,6528.0,8
3548,1184200,Paris,Caesar,JAMS,SEASHELLS,6529.0,8
3554,1184700,Caesar,Camilla,JAMS,SEASHELLS,6528.0,6
3569,1185700,Paris,Caesar,JAMS,SEASHELLS,6529.0,8
3590,1187300,Caesar,Paris,JAMS,SEASHELLS,6527.0,10
3633,1189000,Paris,Caesar,JAMS,SEASHELLS,6526.0,7
3636,1189400,Caesar,Paris,JAMS,SEASHELLS,6525.0,8
3642,1189800,Caesar,Paris,JAMS,SEASHELLS,6525.0,4
3664,1190700,Paris,Caesar,JAMS,SEASHELLS,6526.0,10
3671,1191100,Paris,Caesar,JAMS,SEASHELLS,6526.0,5
3677,1191400,Caesar,Paris,JAMS,SEASHELLS,6524.0,8
3691,1192400,Caesar,Camilla,JAMS,SEASHELLS,6524.0,3
3701,1192900,Paris,Caesar,JAMS,SEASHELLS,6526.0,9
3711,1193600,Caesar,Paris,JAMS,SEASHELLS,6524.0,4
3720,1193900,Caesar,Paris,JAMS,SEASHELLS,6523.0,8
3740,1195500,Caesar,Camilla,JAMS,SEASHELLS,6523.0,5
3755,1196300,Caesar,Paris,JAMS,SEASHELLS,6523.0,5
3759,1196700,Caesar,Paris,JAMS,SEASHELLS,6522.0,6
3773,1196800,Caesar,Paris,JAMS,SEASHELLS,6523.0,7
3785,1197500,Caesar,Paris,JAMS,SEASHELLS,6523.0,6
3801,1198400,Caesar,Paris,JAMS,SEASHELLS,6523.0,6
3805,1199000,Caesar,Paris,JAMS,SEASHELLS,6523.0,8
3824,1199900,Caesar,Camilla,JAMS,SEASHELLS,6522.0,12
3849,1200900,Paris,Caesar,JAMS,SEASHELLS,6525.0,10
3851,1201000,Caesar,Camilla,JAMS,SEASHELLS,6523.0,6
3871,1202500,Caesar,Camilla,JAMS,SEASHELLS,6524.0,5
3879,1202800,Caesar,Camilla,JAMS,SEASHELLS,6524.0,6
3919,1204900,Caesar,Camilla,JAMS,SEASHELLS,6526.0,6
3920,1205100,Paris,Caesar,JAMS,SEASHELLS,6528.0,4
3933,1205600,Caesar,Paris,JAMS,SEASHELLS,6527.0,6
3935,1205800,Caesar,Paris,JAMS,SEASHELLS,6527.0,8
3994,1208600,Paris,Caesar,JAMS,SEASHELLS,6528.0,9
4034,1211400,Caesar,Paris,JAMS,SEASHELLS,6524.0,7
4035,1211500,Caesar,Camilla,JAMS,SEASHELLS,6524.0,9
4043,1211800,Caesar,Paris,JAMS,SEASHELLS,6520.0,8
4053,1213300,Caesar,Paris,JAMS,SEASHELLS,6519.0,5
4066,1214000,Paris,Caesar,JAMS,SEASHELLS,6521.0,6
4116,1216700,Caesar,Paris,JAMS,SEASHELLS,6519.0,9
4148,1218900,Paris,Caesar,JAMS,SEASHELLS,6523.0,7
4156,1219700,Caesar,Paris,JAMS,SEASHELLS,6521.0,5
4158,1220100,Caesar,Camilla,JAMS,SEASHELLS,6522.0,5
4219,1223500,Paris,Caesar,JAMS,SEASHELLS,6521.0,10
4235,1223900,Caesar,Paris,JAMS,SEASHELLS,6519.0,8
4236,1224000,Caesar,Camilla,JAMS,SEASHELLS,6520.0,12
4237,1224300,Caesar,Paris,JAMS,SEASHELLS,6519.0,7
4257,1224900,Caesar,Camilla,JAMS,SEASHELLS,6518.0,5
4261,1225000,Caesar,Paris,JAMS,SEASHELLS,6518.0,8
4284,1227000,Caesar,Paris,JAMS,SEASHELLS,6516.0,10
4288,1227400,Caesar,Camilla,JAMS,SEASHELLS,6515.0,9
4352,1231400,Caesar,Camilla,JAMS,SEASHELLS,6518.0,3
4374,1232300,Paris,Caesar,JAMS,SEASHELLS,6520.0,5
4387,1232800,Paris,Caesar,JAMS,SEASHELLS,6520.0,8
4437,1235400,Paris,Caesar,JAMS,SEASHELLS,6517.0,8
4465,1236200,Caesar,Camilla,JAMS,SEASHELLS,6515.0,7
4467,1236600,Caesar,Paris,JAMS,SEASHELLS,6514.0,4
4472,1236800,Caesar,Paris,JAMS,SEASHELLS,6514.0,4
4506,1238500,Caesar,Paris,JAMS,SEASHELLS,6512.0,10
4515,1238800,Caesar,Camilla,JAMS,SEASHELLS,6513.0,11
4526,1239800,Paris,Caesar,JAMS,SEASHELLS,6516.0,8
4533,1240200,Paris,Caesar,JAMS,SEASHELLS,6517.0,9
4534,1240300,Caesar,Paris,JAMS,SEASHELLS,6515.0,4
4535,1240400,Caesar,Paris,JAMS,SEASHELLS,6515.0,6
4584,1244100,Caesar,Paris,JAMS,SEASHELLS,6513.0,8
4614,1244800,Paris,Caesar,JAMS,SEASHELLS,6515.0,7
4629,1245500,Paris,Caesar,JAMS,SEASHELLS,6515.0,6
4641,1245800,Caesar,Paris,JAMS,SEASHELLS,6513.0,6
4665,1246900,Caesar,Paris,JAMS,SEASHELLS,6515.0,8
4666,1247100,Caesar,Camilla,JAMS,SEASHELLS,6516.0,9
4667,1247200,Caesar,Camilla,JAMS,SEASHELLS,6516.0,3
4668,1247300,Caesar,Camilla,JAMS,SEASHELLS,6516.0,3
4723,1248900,Caesar,Paris,JAMS,SEASHELLS,6515.0,8
4734,1249600,Paris,Caesar,JAMS,SEASHELLS,6515.0,10
4737,1249700,Caesar,Camilla,JAMS,SEASHELLS,6514.0,6
4741,1249900,Caesar,Paris,JAMS,SEASHELLS,6514.0,4
4751,1250400,Caesar,Paris,JAMS,SEASHELLS,6513.0,5
4783,1252100,Paris,Caesar,JAMS,SEASHELLS,6513.0,8
4789,1252400,Paris,Caesar,JAMS,SEASHELLS,6513.0,10
4792,1252600,Caesar,Paris,JAMS,SEASHELLS,6511.0,6
4809,1253300,Paris,Caesar,JAMS,SEASHELLS,6514.0,10
4823,1254200,Paris,Caesar,JAMS,SEASHELLS,6514.0,7
4825,1254300,Caesar,Paris,JAMS,SEASHELLS,6512.0,10
4830,1254700,Paris,Caesar,JAMS,SEASHELLS,6512.0,4
4840,1255900,Caesar,Paris,JAMS,SEASHELLS,6509.0,10
4848,1256300,Caesar,Paris,JAMS,SEASHELLS,6508.0,5
4869,1258500,Caesar,Camilla,JAMS,SEASHELLS,6510.0,12
4877,1258800,Caesar,Paris,JAMS,SEASHELLS,6510.0,7
4881,1259100,Caesar,Paris,JAMS,SEASHELLS,6510.0,9
4907,1260200,Caesar,Paris,JAMS,SEASHELLS,6509.0,10
4925,1261300,Caesar,Camilla,JAMS,SEASHELLS,6510.0,8
4926,1261500,Caesar,Camilla,JAMS,SEASHELLS,6510.0,11
4982,1264000,Caesar,Camilla,JAMS,SEASHELLS,6513.0,8
5013,1267300,Caesar,Camilla,JAMS,SEASHELLS,6510.0,11
5017,1267500,Caesar,Paris,JAMS,SEASHELLS,6509.0,7
5112,1271200,Paris,Caesar,JAMS,SEASHELLS,6513.0,7
5125,1272100,Caesar,Paris,JAMS,SEASHELLS,6512.0,4
5129,1272400,Caesar,Paris,JAMS,SEASHELLS,6512.0,10
5149,1272900,Caesar,Paris,JAMS,SEASHELLS,6513.0,8
5192,1275500,Caesar,Paris,JAMS,SEASHELLS,6515.0,7
5221,1277800,Paris,Caesar,JAMS,SEASHELLS,6516.0,4
5251,1279100,Caesar,Camilla,JAMS,SEASHELLS,6515.0,5
5264,1279200,Caesar,Paris,JAMS,SEASHELLS,6515.0,5
5266,1279400,Caesar,Camilla,JAMS,SEASHELLS,6515.0,6
5276,1280000,Caesar,Camilla,JAMS,SEASHELLS,6516.0,10
5301,1281100,Caesar,Camilla,JAMS,SEASHELLS,6517.0,4
5338,1282700,Paris,Caesar,JAMS,SEASHELLS,6518.0,9
5362,1283600,Caesar,Camilla,JAMS,SEASHELLS,6517.0,3
5377,1284200,Paris,Caesar,JAMS,SEASHELLS,6518.0,8
5379,1284300,Caesar,Camilla,JAMS,SEASHELLS,6517.0,11
5384,1284800,Caesar,Paris,JAMS,SEASHELLS,6516.0,6
5407,1285900,Caesar,Paris,JAMS,SEASHELLS,6517.0,5
5414,1286900,Caesar,Paris,JAMS,SEASHELLS,6517.0,5
5421,1287300,Caesar,Paris,JAMS,SEASHELLS,6517.0,10
5433,1288500,Caesar,Camilla,JAMS,SEASHELLS,6518.0,6
5452,1289300,Caesar,Paris,JAMS,SEASHELLS,6519.0,5
5496,1291200,Caesar,Paris,JAMS,SEASHELLS,6517.0,9
5500,1291300,Caesar,Paris,JAMS,SEASHELLS,6518.0,8
5504,1291800,Caesar,Camilla,JAMS,SEASHELLS,6518.0,6
5508,1292000,Caesar,Paris,JAMS,SEASHELLS,6518.0,8
5527,1293200,Caesar,Camilla,JAMS,SEASHELLS,6519.0,7
5545,1294400,Caesar,Camilla,JAMS,SEASHELLS,6518.0,6
5546,1294400,Paris,Caesar,JAMS,SEASHELLS,6520.0,7
5551,1295000,Paris,Caesar,JAMS,SEASHELLS,6518.0,5
5584,1297600,Caesar,Camilla,JAMS,SEASHELLS,6515.0,12
5590,1297800,Caesar,Paris,JAMS,SEASHELLS,6515.0,10
5611,1299400,Caesar,Camilla,JAMS,SEASHELLS,6516.0,9
5612,1299500,Paris,Caesar,JAMS,SEASHELLS,6518.0,7
5622,1299800,Paris,Caesar,JAMS,SEASHELLS,6518.0,10
5636,1301000,Paris,Caesar,JAMS,SEASHELLS,6518.0,8
5654,1302100,Paris,Caesar,JAMS,SEASHELLS,6520.0,7
5657,1302300,Caesar,Paris,JAMS,SEASHELLS,6519.0,10
5659,1302400,Paris,Caesar,JAMS,SEASHELLS,6521.0,8
5669,1302900,Caesar,Paris,JAMS,SEASHELLS,6519.0,10
5692,1304300,Caesar,Camilla,JAMS,SEASHELLS,6522.0,9
5697,1305100,Paris,Caesar,JAMS,SEASHELLS,6522.0,7
5714,1306000,Caesar,Paris,JAMS,SEASHELLS,6519.0,9
5744,1308300,Caesar,Paris,JAMS,SEASHELLS,6520.0,6
5748,1308600,Paris,Caesar,JAMS,SEASHELLS,6522.0,9
5784,1309900,Caesar,Paris,JAMS,SEASHELLS,6522.0,5
5804,1310900,Caesar,Paris,JAMS,SEASHELLS,6522.0,8
5808,1311200,Caesar,Paris,JAMS,SEASHELLS,6522.0,6
5815,1311800,Caesar,Paris,JAMS,SEASHELLS,6523.0,10
5845,1313300,Caesar,Camilla,JAMS,SEASHELLS,6525.0,4
5887,1315200,Caesar,Paris,JAMS,SEASHELLS,6524.0,7
5936,1317900,Paris,Caesar,JAMS,SEASHELLS,6529.0,8
5939,1318400,Paris,Caesar,JAMS,SEASHELLS,6528.0,4
5968,1320000,Caesar,Paris,JAMS,SEASHELLS,6526.0,4
5970,1320100,Paris,Caesar,JAMS,SEASHELLS,6527.0,10
5991,1321000,Caesar,Paris,JAMS,SEASHELLS,6525.0,4
5994,1321300,Paris,Caesar,JAMS,SEASHELLS,6527.0,5
6006,1321500,Paris,Caesar,JAMS,SEASHELLS,6527.0,5
6017,1322700,Caesar,Camilla,JAMS,SEASHELLS,6526.0,3
6020,1323000,Caesar,Camilla,JAMS,SEASHELLS,6526.0,5
6034,1324100,Caesar,Paris,JAMS,SEASHELLS,6526.0,10
6039,1324300,Paris,Caesar,JAMS,SEASHELLS,6527.0,6
6051,1325000,Paris,Caesar,JAMS,SEASHELLS,6529.0,10
6098,1327800,Caesar,Paris,JAMS,SEASHELLS,6526.0,5
6101,1328200,Caesar,Paris,JAMS,SEASHELLS,6526.0,8
6120,1329200,Caesar,Paris,JAMS,SEASHELLS,6525.0,6
6131,1330000,Caesar,Paris,JAMS,SEASHELLS,6526.0,5
6134,1330100,Caesar,Camilla,JAMS,SEASHELLS,6526.0,11
6139,1330200,Paris,Camilla,JAMS,SEASHELLS,6527.0,5
6143,1330300,Paris,Caesar,JAMS,SEASHELLS,6528.0,4
6147,1330600,Caesar,Camilla,JAMS,SEASHELLS,6527.0,5
6152,1331100,Caesar,Paris,JAMS,SEASHELLS,6526.0,8
6156,1331400,Caesar,Paris,JAMS,SEASHELLS,6526.0,5
6167,1332000,Paris,Caesar,JAMS,SEASHELLS,6528.0,4
6189,1333500,Paris,Caesar,JAMS,SEASHELLS,6528.0,8
6191,1333800,Caesar,Camilla,JAMS,SEASHELLS,6526.0,7
6192,1334000,Paris,Caesar,JAMS,SEASHELLS,6527.0,5
6202,1334300,Caesar,Paris,JAMS,SEASHELLS,6525.0,9
6206,1334600,Caesar,Paris,JAMS,SEASHELLS,6525.0,7
6221,1335300,Caesar,Camilla,JAMS,SEASHELLS,6523.0,6
6249,1337500,Caesar,Paris,JAMS,SEASHELLS,6522.0,10
6251,1337600,Caesar,Paris,JAMS,SEASHELLS,6522.0,8
6264,1338100,Paris,Caesar,JAMS,SEASHELLS,6523.0,5
6269,1338400,Caesar,Paris,JAMS,SEASHELLS,6520.0,5
6271,1338700,Caesar,Paris,JAMS,SEASHELLS,6520.0,4
6274,1338900,Caesar,Paris,JAMS,SEASHELLS,6520.0,7
6316,1341900,Paris,Caesar,JAMS,SEASHELLS,6521.0,10
6322,1342000,Caesar,Camilla,JAMS,SEASHELLS,6518.0,12
6325,1342300,Paris,Caesar,JAMS,SEASHELLS,6520.0,9
6330,1342600,Caesar,Paris,JAMS,SEASHELLS,6518.0,4
6357,1344000,Caesar,Paris,JAMS,SEASHELLS,6519.0,9
6394,1345600,Caesar,Paris,JAMS,SEASHELLS,6518.0,10
6414,1347300,Paris,Caesar,JAMS,SEASHELLS,6521.0,7
6420,1347600,Paris,Caesar,JAMS,SEASHELLS,6520.0,10
6438,1348900,Paris,Caesar,JAMS,SEASHELLS,6519.0,4
6456,1349600,Paris,Caesar,JAMS,SEASHELLS,6518.0,6
6513,1352200,Paris,Caesar,JAMS,SEASHELLS,6475.0,8
6564,1354400,Paris,Caesar,JAMS,SEASHELLS,6483.0,8
6611,1356900,Caesar,Camilla,JAMS,SEASHELLS,6483.0,7
6616,1357000,Paris,Caesar,JAMS,SEASHELLS,6487.0,4
6618,1357300,Paris,Caesar,JAMS,SEASHELLS,6487.0,10
6619,1357400,Paris,Caesar,JAMS,SEASHELLS,6486.0,10
6620,1357500,Caesar,Paris,JAMS,SEASHELLS,6486.0,8
6626,1357900,Caesar,Camilla,JAMS,SEASHELLS,6484.0,3
6704,1361600,Paris,Caesar,JAMS,SEASHELLS,6476.0,6
6733,1362600,Caesar,Camilla,JAMS,SEASHELLS,6479.0,12
6738,1362800,Paris,Caesar,JAMS,SEASHELLS,6483.0,9
6760,1363700,Paris,Caesar,JAMS,SEASHELLS,6486.0,5
6774,1364700,Caesar,Paris,JAMS,SEASHELLS,6488.0,10
6778,1365100,Paris,Caesar,JAMS,SEASHELLS,6486.0,5
6782,1365400,Caesar,Paris,JAMS,SEASHELLS,6481.0,9
6815,1367600,Caesar,Camilla,JAMS,SEASHELLS,6495.0,10
6817,1367700,Caesar,Paris,JAMS,SEASHELLS,6494.0,7
6821,1368200,Caesar,Paris,JAMS,SEASHELLS,6489.0,8
6824,1368400,Caesar,Camilla,JAMS,SEASHELLS,6490.0,10
6855,1370000,Caesar,Paris,JAMS,SEASHELLS,6494.0,8
6921,1373400,Paris,Caesar,JAMS,SEASHELLS,6499.0,7
6923,1373500,Paris,Caesar,JAMS,SEASHELLS,6499.0,7
6949,1374200,Caesar,Paris,JAMS,SEASHELLS,6490.0,5
6950,1374400,Caesar,Paris,JAMS,SEASHELLS,6491.0,9
6958,1374800,Caesar,Camilla,JAMS,SEASHELLS,6491.0,6
6990,1376500,Caesar,Paris,JAMS,SEASHELLS,6495.0,7
6993,1376600,Caesar,Camilla,JAMS,SEASHELLS,6495.0,6
7004,1377300,Caesar,Camilla,JAMS,SEASHELLS,6502.0,4
7008,1377600,Caesar,Camilla,JAMS,SEASHELLS,6497.0,10
7014,1378100,Paris,Caesar,JAMS,SEASHELLS,6503.0,5
7019,1379000,Paris,Caesar,JAMS,SEASHELLS,6502.0,10
7027,1380000,Caesar,Paris,JAMS,SEASHELLS,6499.0,5
7064,1382100,Caesar,Camilla,JAMS,SEASHELLS,6497.0,12
7105,1383900,Caesar,Camilla,JAMS,SEASHELLS,6506.0,10
7127,1384200,Caesar,Camilla,JAMS,SEASHELLS,6503.0,4
7128,1384600,Paris,Caesar,JAMS,SEASHELLS,6509.0,9
7137,1385000,Caesar,Camilla,JAMS,SEASHELLS,6504.0,3
7143,1385500,Paris,Caesar,JAMS,SEASHELLS,6505.0,10
7153,1386100,Paris,Caesar,JAMS,SEASHELLS,6502.0,4
7155,1386400,Paris,Caesar,JAMS,SEASHELLS,6502.0,7
7182,1387100,Paris,Caesar,JAMS,SEASHELLS,6500.0,4
7183,1387300,Paris,Caesar,JAMS,SEASHELLS,6500.0,7
7186,1387500,Caesar,Paris,JAMS,SEASHELLS,6499.0,8
7188,1387700,Caesar,Camilla,JAMS,SEASHELLS,6499.0,4
7216,1388900,Paris,Caesar,JAMS,SEASHELLS,6502.0,4
7233,1389500,Paris,Caesar,JAMS,SEASHELLS,6503.0,6
7235,1389600,Caesar,Paris,JAMS,SEASHELLS,6501.0,8
7244,1390200,Caesar,Camilla,JAMS,SEASHELLS,6500.0,9
7259,1390900,Caesar,Camilla,JAMS,SEASHELLS,6502.0,12
7266,1392000,Paris,Caesar,JAMS,SEASHELLS,6504.0,8
7278,1392800,Caesar,Paris,JAMS,SEASHELLS,6505.0,5
7281,1392900,Paris,Caesar,JAMS,SEASHELLS,6508.0,4
7324,1395000,Caesar,Paris,JAMS,SEASHELLS,6496.0,7
7357,1396700,Paris,Caesar,JAMS,SEASHELLS,6493.0,8
7364,1397000,Caesar,Camilla,JAMS,SEASHELLS,6491.0,4
7365,1397000,Paris,Caesar,JAMS,SEASHELLS,6493.0,5
7389,1397500,Caesar,Paris,JAMS,SEASHELLS,6491.0,5
7392,1397600,Paris,Caesar,JAMS,SEASHELLS,6493.0,7
7410,1398200,Paris,Caesar,JAMS,SEASHELLS,6491.0,10
7430,1399800,Paris,Caesar,JAMS,SEASHELLS,6485.0,7
7447,1400900,Caesar,Paris,JAMS,SEASHELLS,6483.0,9
7453,1401400,Paris,Caesar,JAMS,SEASHELLS,6483.0,5
7465,1401800,Caesar,Camilla,JAMS,SEASHELLS,6482.0,7
7469,1401900,Paris,Caesar,JAMS,SEASHELLS,6484.0,5
7486,1402400,Caesar,Camilla,JAMS,SEASHELLS,6482.0,9
7487,1402500,Paris,Caesar,JAMS,SEASHELLS,6484.0,5
7535,1404700,Caesar,Camilla,JAMS,SEASHELLS,6484.0,4
7547,1405100,Paris,Caesar,JAMS,SEASHELLS,6487.0,6
7551,1405500,Caesar,Camilla,JAMS,SEASHELLS,6487.0,3
7552,1405500,Caesar,Paris,JAMS,SEASHELLS,6487.0,5
7560,1405900,Caesar,Camilla,JAMS,SEASHELLS,6485.0,6
7568,1406700,Caesar,Camilla,JAMS,SEASHELLS,6489.0,4
7624,1408600,Paris,Caesar,JAMS,SEASHELLS,6492.0,6
7633,1408700,Caesar,Paris,JAMS,SEASHELLS,6490.0,10
7634,1408800,Caesar,Paris,JAMS,SEASHELLS,6495.0,8
7647,1409200,Caesar,Camilla,JAMS,SEASHELLS,6495.0,6
7680,1410800,Caesar,Paris,JAMS,SEASHELLS,6497.0,4
7689,1411500,Caesar,Paris,JAMS,SEASHELLS,6502.0,5
7713,1412300,Caesar,Paris,JAMS,SEASHELLS,6504.0,8
7722,1412700,Caesar,Paris,JAMS,SEASHELLS,6503.0,5
7723,1412800,Caesar,Camilla,JAMS,SEASHELLS,6504.0,10
7754,1414500,Paris,Caesar,JAMS,SEASHELLS,6499.0,10
7766,1415200,Camilla,Paris,JAMS,SEASHELLS,6498.0,6
7808,1418800,Caesar,Camilla,JAMS,SEASHELLS,6500.0,3
7809,1418800,Caesar,Paris,JAMS,SEASHELLS,6500.0,9
7813,1419000,Caesar,Paris,JAMS,SEASHELLS,6498.0,4
7840,1420800,Caesar,Paris,JAMS,SEASHELLS,6495.0,10
7848,1421000,Caesar,Paris,JAMS,SEASHELLS,6496.0,10
7858,1421400,Paris,Caesar,JAMS,SEASHELLS,6498.0,5
7872,1422800,Paris,Caesar,JAMS,SEASHELLS,6495.0,7
7893,1424200,Caesar,Paris,JAMS,SEASHELLS,6497.0,5
7915,1425100,Paris,Caesar,JAMS,SEASHELLS,6499.0,4
7923,1425500,Caesar,Paris,JAMS,SEASHELLS,6500.0,8
7939,1426200,Caesar,Paris,JAMS,SEASHELLS,6501.0,4
8039,1432100,Caesar,Paris,JAMS,SEASHELLS,6509.0,6
8056,1432700,Paris,Caesar,JAMS,SEASHELLS,6511.0,6
8131,1435400,Caesar,Paris,JAMS,SEASHELLS,6514.0,5
8144,1436400,Paris,Caesar,JAMS,SEASHELLS,6511.0,8
8183,1438400,Paris,Caesar,JAMS,SEASHELLS,6505.0,6
8184,1438900,Caesar,Paris,JAMS,SEASHELLS,6502.0,5
8213,1439800,Caesar,Camilla,JAMS,SEASHELLS,6503.0,11
8214,1439800,Caesar,Paris,JAMS,SEASHELLS,6503.0,7
8241,1441000,Caesar,Camilla,JAMS,SEASHELLS,6504.0,7
8272,1442400,Paris,Caesar,JAMS,SEASHELLS,6514.0,9
8285,1443400,Caesar,Paris,JAMS,SEASHELLS,6507.0,4
8304,1443900,Caesar,Paris,JAMS,SEASHELLS,6508.0,8
8317,1444800,Caesar,Camilla,JAMS,SEASHELLS,6506.0,8
8319,1445100,Paris,Caesar,JAMS,SEASHELLS,6507.0,5
8334,1445200,Paris,Caesar,JAMS,SEASHELLS,6507.0,5
8344,1445500,Caesar,Camilla,JAMS,SEASHELLS,6506.0,8
8353,1446200,Caesar,Camilla,JAMS,SEASHELLS,6506.0,12
8377,1447100,Caesar,Paris,JAMS,SEASHELLS,6508.0,4
8380,1447200,Caesar,Camilla,JAMS,SEASHELLS,6508.0,5
8408,1448500,Caesar,Paris,JAMS,SEASHELLS,6512.0,7
8425,1449300,Caesar,Camilla,JAMS,SEASHELLS,6510.0,7
8434,1449500,Caesar,Camilla,JAMS,SEASHELLS,6510.0,9
8439,1449900,Paris,Caesar,JAMS,SEASHELLS,6509.0,7
8440,1450100,Paris,Caesar,JAMS,SEASHELLS,6507.0,5
8454,1451000,Caesar,Camilla,JAMS,SEASHELLS,6501.0,10
8469,1451800,Paris,Caesar,JAMS,SEASHELLS,6501.0,4
8480,1453400,Caesar,Paris,JAMS,SEASHELLS,6494.0,5
8492,1454300,Paris,Caesar,JAMS,SEASHELLS,6498.0,9
8506,1455100,Paris,Camilla,JAMS,SEASHELLS,6496.0,7
8513,1455400,Caesar,Paris,JAMS,SEASHELLS,6495.0,7
8535,1456200,Caesar,Paris,JAMS,SEASHELLS,6497.0,10
8536,1456400,Caesar,Camilla,JAMS,SEASHELLS,6499.0,11
8537,1456400,Caesar,Paris,JAMS,SEASHELLS,6499.0,5
8554,1457500,Paris,Caesar,JAMS,SEASHELLS,6501.0,6
8576,1458400,Paris,Caesar,JAMS,SEASHELLS,6501.0,7
8591,1459000,Paris,Caesar,JAMS,SEASHELLS,6502.0,4
8592,1459200,Caesar,Camilla,JAMS,SEASHELLS,6502.0,3
8593,1459200,Paris,Caesar,JAMS,SEASHELLS,6503.0,9
8594,1459300,Paris,Caesar,JAMS,SEASHELLS,6503.0,8
8598,1459600,Caesar,Paris,JAMS,SEASHELLS,6504.0,7
8617,1460800,Caesar,Paris,JAMS,SEASHELLS,6508.0,7
8632,1461800,Caesar,Paris,JAMS,SEASHELLS,6504.0,4
8671,1464100,Caesar,Paris,JAMS,SEASHELLS,6505.0,4
8674,1464500,Caesar,Paris,JAMS,SEASHELLS,6505.0,9
8734,1468100,Caesar,Paris,JAMS,SEASHELLS,6510.0,4
8736,1468200,Caesar,Paris,JAMS,SEASHELLS,6511.0,9
8738,1468400,Caesar,Camilla,JAMS,SEASHELLS,6513.0,7
8760,1468900,Paris,Caesar,JAMS,SEASHELLS,6514.0,7
8763,1469100,Caesar,Camilla,JAMS,SEASHELLS,6512.0,8
8773,1469600,Caesar,Paris,JAMS,SEASHELLS,6514.0,5
8774,1469800,Caesar,Paris,JAMS,SEASHELLS,6514.0,8
8781,1470100,Paris,Caesar,JAMS,SEASHELLS,6514.0,7
8788,1470600,Caesar,Paris,JAMS,SEASHELLS,6512.0,9
8808,1471200,Caesar,Paris,JAMS,SEASHELLS,6513.0,10
8819,1471700,Paris,Caesar,JAMS,SEASHELLS,6517.0,6
8828,1472000,Caesar,Paris,JAMS,SEASHELLS,6515.0,6
8856,1472600,Caesar,Paris,JAMS,SEASHELLS,6514.0,5
8859,1472800,Caesar,Paris,JAMS,SEASHELLS,6515.0,7
8872,1473700,Paris,Caesar,JAMS,SEASHELLS,6520.0,8
8873,1473800,Paris,Caesar,JAMS,SEASHELLS,6520.0,6
8874,1473900,Caesar,Paris,JAMS,SEASHELLS,6519.0,10
8879,1474100,Caesar,Camilla,JAMS,SEASHELLS,6519.0,11
8903,1474700,Paris,Caesar,JAMS,SEASHELLS,6522.0,6
8906,1474800,Caesar,Paris,JAMS,SEASHELLS,6520.0,5
8927,1475300,Caesar,Paris,JAMS,SEASHELLS,6522.0,5
8931,1475400,Paris,Caesar,JAMS,SEASHELLS,6524.0,9
8939,1475900,Caesar,Paris,JAMS,SEASHELLS,6522.0,8
8948,1477100,Caesar,Paris,JAMS,SEASHELLS,6532.0,10
8953,1477600,Caesar,Paris,JAMS,SEASHELLS,6533.0,6
8955,1478000,Caesar,Paris,JAMS,SEASHELLS,6529.0,4
8983,1479500,Caesar,Camilla,JAMS,SEASHELLS,6530.0,8
8984,1479500,Caesar,Paris,JAMS,SEASHELLS,6530.0,9
9004,1480300,Paris,Caesar,JAMS,SEASHELLS,6539.0,6
9012,1480700,Caesar,Camilla,JAMS,SEASHELLS,6535.0,7
9022,1481300,Caesar,Camilla,JAMS,SEASHELLS,6536.0,4
9042,1482100,Caesar,Camilla,JAMS,SEASHELLS,6536.0,4
9043,1482100,Paris,Caesar,JAMS,SEASHELLS,6538.0,9
9053,1482300,Caesar,Paris,JAMS,SEASHELLS,6536.0,7
9103,1484700,Paris,Caesar,JAMS,SEASHELLS,6541.0,5
9114,1485000,Caesar,Paris,JAMS,SEASHELLS,6537.0,10
9128,1485600,Paris,Caesar,JAMS,SEASHELLS,6541.0,5
9129,1485700,Caesar,Camilla,JAMS,SEASHELLS,6539.0,7
9134,1486100,Paris,Caesar,JAMS,SEASHELLS,6538.0,5
9180,1488500,Caesar,Paris,JAMS,SEASHELLS,6531.0,9
9186,1488700,Caesar,Paris,JAMS,SEASHELLS,6530.0,10
9203,1489500,Camilla,Paris,JAMS,SEASHELLS,6527.0,5
9230,1491000,Paris,Caesar,JAMS,SEASHELLS,6522.0,4
9242,1492100,Caesar,Camilla,JAMS,SEASHELLS,6519.0,5
9243,1492100,Caesar,Paris,JAMS,SEASHELLS,6519.0,6
9276,1494300,Paris,Caesar,JAMS,SEASHELLS,6531.0,10
9310,1496500,Caesar,Camilla,JAMS,SEASHELLS,6523.0,4
9333,1496900,Paris,Caesar,JAMS,SEASHELLS,6521.0,4
9337,1497000,Caesar,Paris,JAMS,SEASHELLS,6518.0,10
9345,1497300,Caesar,Paris,JAMS,SEASHELLS,6518.0,6
9350,1497700,Caesar,Camilla,JAMS,SEASHELLS,6520.0,10
9352,1497800,Caesar,Camilla,JAMS,SEASHELLS,6521.0,10
9391,1499600,Caesar,Paris,JAMS,SEASHELLS,6518.0,4
9425,1501800,Caesar,Camilla,JAMS,SEASHELLS,6514.0,4
9431,1502200,Caesar,Paris,JAMS,SEASHELLS,6514.0,4
9432,1502300,Caesar,Camilla,JAMS,SEASHELLS,6515.0,5
9450,1502800,Caesar,Paris,JAMS,SEASHELLS,6515.0,6
9480,1504000,Caesar,Paris,JAMS,SEASHELLS,6513.0,7
9481,1504500,Caesar,Camilla,JAMS,SEASHELLS,6515.0,4
9488,1505100,Paris,Caesar,JAMS,SEASHELLS,6514.0,7
9497,1505400,Caesar,Paris,JAMS,SEASHELLS,6513.0,6
9504,1506000,Paris,Caesar,JAMS,SEASHELLS,6515.0,6
9525,1507200,Caesar,Camilla,JAMS,SEASHELLS,6512.0,5
9540,1508000,Paris,Caesar,JAMS,SEASHELLS,6514.0,4
9541,1508100,Paris,Caesar,JAMS,SEASHELLS,6514.0,4
9542,1508200,Caesar,Paris,JAMS,SEASHELLS,6512.0,8
9593,1510200,Caesar,Paris,JAMS,SEASHELLS,6512.0,4
9601,1510900,Caesar,Paris,JAMS,SEASHELLS,6513.0,8
9603,1511000,Caesar,Paris,JAMS,SEASHELLS,6512.0,8
9622,1512200,Caesar,Camilla,JAMS,SEASHELLS,6510.0,11
9673,1514700,Caesar,Camilla,JAMS,SEASHELLS,6512.0,12
9700,1516400,Paris,Caesar,JAMS,SEASHELLS,6512.0,10
9708,1516700,Paris,Caesar,JAMS,SEASHELLS,6511.0,8
9715,1517200,Caesar,Paris,JAMS,SEASHELLS,6507.0,8
9742,1518600,Caesar,Camilla,JAMS,SEASHELLS,6507.0,5
9779,1519900,Caesar,Camilla,JAMS,SEASHELLS,6509.0,5
9798,1521400,Caesar,Camilla,JAMS,SEASHELLS,6507.0,11
9817,1522200,Paris,Caesar,JAMS,SEASHELLS,6507.0,4
9856,1524200,Paris,Caesar,JAMS,SEASHELLS,6508.0,9
9860,1524300,Caesar,Paris,JAMS,SEASHELLS,6506.0,7
9869,1524800,Caesar,Paris,JAMS,SEASHELLS,6506.0,8
9871,1524900,Caesar,Camilla,JAMS,SEASHELLS,6506.0,12
9875,1525000,Caesar,Camilla,JAMS,SEASHELLS,6506.0,7
9897,1526500,Caesar,Camilla,JAMS,SEASHELLS,6503.0,4
9915,1527800,Paris,Caesar,JAMS,SEASHELLS,6499.0,6
9923,1528300,Paris,Caesar,JAMS,SEASHELLS,6499.0,7
9928,1529100,Caesar,Paris,JAMS,SEASHELLS,6493.0,7
9945,1529700,Caesar,Paris,JAMS,SEASHELLS,6492.0,9
9974,1531300,Paris,Caesar,JAMS,SEASHELLS,6492.0,8
9976,1531600,Caesar,Paris,JAMS,SEASHELLS,6491.0,7
9979,1531900,Caesar,Camilla,JAMS,SEASHELLS,6492.0,3
9992,1532600,Paris,Caesar,JAMS,SEASHELLS,6496.0,10
9998,1532700,Caesar,Camilla,JAMS,SEASHELLS,6494.0,3
9999,1532900,Paris,Caesar,JAMS,SEASHELLS,6495.0,8
10006,1533200,Caesar,Camilla,JAMS,SEASHELLS,6495.0,4
10008,1533400,Paris,Caesar,JAMS,SEASHELLS,6497.0,7
10021,1534500,Caesar,Camilla,JAMS,SEASHELLS,6495.0,8
10053,1535200,Caesar,Paris,JAMS,SEASHELLS,6497.0,4
10064,1536400,Caesar,Camilla,JAMS,SEASHELLS,6497.0,7
10080,1536900,Caesar,Paris,JAMS,SEASHELLS,6497.0,8
10081,1537000,Caesar,Camilla,JAMS,SEASHELLS,6498.0,3
10126,1538900,Caesar,Paris,JAMS,SEASHELLS,6500.0,4
10127,1539000,Caesar,Camilla,JAMS,SEASHELLS,6503.0,12
10134,1540100,Paris,Caesar,JAMS,SEASHELLS,6501.0,9
10149,1541800,Paris,Caesar,JAMS,SEASHELLS,6500.0,10
10150,1542300,Caesar,Camilla,JAMS,SEASHELLS,6498.0,4
10151,1542500,Caesar,Camilla,JAMS,SEASHELLS,6498.0,10
10173,1543200,Paris,Caesar,JAMS,SEASHELLS,6500.0,4
10187,1544100,Caesar,Camilla,JAMS,SEASHELLS,6501.0,4
10198,1544700,Caesar,Camilla,JAMS,SEASHELLS,6501.0,9
10204,1544900,Caesar,Camilla,JAMS,SEASHELLS,6501.0,10
10229,1546200,Caesar,Paris,JAMS,SEASHELLS,6504.0,4
10250,1547100,Caesar,Paris,JAMS,SEASHELLS,6505.0,4
10275,1548100,Caesar,Camilla,JAMS,SEASHELLS,6507.0,4
10277,1548400,Paris,Caesar,JAMS,SEASHELLS,6509.0,7
10328,1550600,Caesar,Camilla,JAMS,SEASHELLS,6510.0,6
10352,1552300,Caesar,Camilla,JAMS,SEASHELLS,6515.0,6
10354,1552400,Paris,Caesar,JAMS,SEASHELLS,6517.0,6
10357,1552600,Paris,Caesar,JAMS,SEASHELLS,6516.0,5
10359,1552800,Paris,Caesar,JAMS,SEASHELLS,6513.0,8
10366,1553600,Paris,Caesar,JAMS,SEASHELLS,6515.0,10
10387,1555100,Caesar,Camilla,JAMS,SEASHELLS,6511.0,3
10404,1556900,Caesar,Camilla,JAMS,SEASHELLS,6510.0,11
10429,1557600,Caesar,Paris,JAMS,SEASHELLS,6508.0,9
10438,1558700,Caesar,Paris,JAMS,SEASHELLS,6514.0,8
10461,1559700,Caesar,Paris,JAMS,SEASHELLS,6514.0,5
10509,1562000,Paris,Caesar,JAMS,SEASHELLS,6512.0,10
10515,1562600,Paris,Caesar,JAMS,SEASHELLS,6510.0,5
10534,1563200,Paris,Caesar,JAMS,SEASHELLS,6509.0,5
10541,1563500,Caesar,Camilla,JAMS,SEASHELLS,6507.0,4
10543,1563800,Caesar,Paris,JAMS,SEASHELLS,6506.0,10
10586,1565800,Caesar,Camilla,JAMS,SEASHELLS,6503.0,4
10598,1566300,Caesar,Paris,JAMS,SEASHELLS,6503.0,6
10608,1567100,Paris,Caesar,JAMS,SEASHELLS,6503.0,7
10616,1567700,Paris,Camilla,JAMS,SEASHELLS,6502.0,7
10622,1568000,Caesar,Camilla,JAMS,SEASHELLS,6500.0,10
10623,1568200,Paris,Camilla,JAMS,SEASHELLS,6501.0,6
10626,1568400,Paris,Caesar,JAMS,SEASHELLS,6504.0,10
10651,1569500,Caesar,Camilla,JAMS,SEASHELLS,6503.0,12
10706,1571900,Caesar,Camilla,JAMS,SEASHELLS,6504.0,3
10707,1572100,Caesar,Paris,JAMS,SEASHELLS,6506.0,6
10709,1572200,Caesar,Camilla,JAMS,SEASHELLS,6506.0,5
10715,1572600,Caesar,Paris,JAMS,SEASHELLS,6507.0,4
10738,1574600,Paris,Caesar,JAMS,SEASHELLS,6510.0,8
10743,1575000,Paris,Caesar,JAMS,SEASHELLS,6509.0,10
10780,1576600,Caesar,Paris,JAMS,SEASHELLS,6502.0,4
10803,1578100,Caesar,Paris,JAMS,SEASHELLS,6505.0,10
10822,1579800,Paris,Caesar,JAMS,SEASHELLS,6506.0,7
10870,1581500,Caesar,Camilla,JAMS,SEASHELLS,6501.0,3
10873,1581600,Caesar,Paris,JAMS,SEASHELLS,6501.0,6
10905,1583300,Paris,Caesar,JAMS,SEASHELLS,6503.0,4
10909,1583500,Paris,Caesar,JAMS,SEASHELLS,6503.0,7
10925,1584600,Caesar,Camilla,JAMS,SEASHELLS,6500.0,11
10945,1585500,Caesar,Paris,JAMS,SEASHELLS,6501.0,6
10949,1586100,Caesar,Paris,JAMS,SEASHELLS,6499.0,6
10954,1586300,Caesar,Camilla,JAMS,SEASHELLS,6499.0,3
10989,1587900,Caesar,Paris,JAMS,SEASHELLS,6499.0,10
10994,1588300,Caesar,Paris,JAMS,SEASHELLS,6500.0,8
11020,1589400,Caesar,Paris,JAMS,SEASHELLS,6497.0,5
11033,1590300,Paris,Caesar,JAMS,SEASHELLS,6497.0,5
11045,1591100,Caesar,Camilla,JAMS,SEASHELLS,6496.0,12
11070,1592400,Caesar,Camilla,JAMS,SEASHELLS,6494.0,9
11072,1592700,Caesar,Camilla,JAMS,SEASHELLS,6499.0,7
11085,1593200,Caesar,Camilla,JAMS,SEASHELLS,6497.0,11
11090,1593500,Caesar,Camilla,JAMS,SEASHELLS,6498.0,11
11095,1593800,Paris,Caesar,JAMS,SEASHELLS,6499.0,6
11137,1596300,Caesar,Camilla,JAMS,SEASHELLS,6493.0,4
11172,1597300,Paris,Caesar,JAMS,SEASHELLS,6495.0,7
11181,1597900,Paris,Caesar,JAMS,SEASHELLS,6497.0,9
11193,1598800,Caesar,Camilla,JAMS,SEASHELLS,6500.0,4
11200,1599400,Caesar,Camilla,JAMS,SEASHELLS,6499.0,10
11208,1599900,Paris,Caesar,JAMS,SEASHELLS,6501.0,10
11222,1600800,Caesar,Camilla,JAMS,SEASHELLS,6496.0,11
11249,1602400,Caesar,Paris,JAMS,SEASHELLS,6495.0,5
11273,1604400,Caesar,Camilla,JAMS,SEASHELLS,6497.0,11
11278,1604700,Caesar,Paris,JAMS,SEASHELLS,6496.0,7
11286,1605000,Paris,Caesar,JAMS,SEASHELLS,6498.0,4
11327,1606400,Paris,Caesar,JAMS,SEASHELLS,6502.0,6
11331,1606600,Caesar,Camilla,JAMS,SEASHELLS,6501.0,7
11363,1608000,Caesar,Camilla,JAMS,SEASHELLS,6500.0,3
11368,1608400,Paris,Caesar,JAMS,SEASHELLS,6501.0,6
11374,1608900,Caesar,Paris,JAMS,SEASHELLS,6500.0,7
11416,1610800,Caesar,Camilla,JAMS,SEASHELLS,6502.0,4
11430,1611700,Caesar,Paris,JAMS,SEASHELLS,6500.0,6
11434,1612200,Paris,Caesar,JAMS,SEASHELLS,6502.0,9
11442,1612400,Paris,Caesar,JAMS,SEASHELLS,6501.0,4
11471,1613100,Paris,Caesar,JAMS,SEASHELLS,6500.0,5
11498,1614500,Paris,Caesar,JAMS,SEASHELLS,6500.0,9
11521,1615300,Caesar,Camilla,JAMS,SEASHELLS,6498.0,11
11609,1619800,Paris,Caesar,JAMS,SEASHELLS,6497.0,10
11617,1620100,Caesar,Paris,JAMS,SEASHELLS,6498.0,5
11626,1620700,Caesar,Paris,JAMS,SEASHELLS,6498.0,5
11629,1621100,Caesar,Camilla,JAMS,SEASHELLS,6498.0,7
11631,1621900,Caesar,Camilla,JAMS,SEASHELLS,6499.0,10
11632,1622000,Caesar,Camilla,JAMS,SEASHELLS,6499.0,11
11682,1624500,Paris,Caesar,JAMS,SEASHELLS,6503.0,4
11736,1626200,Caesar,Camilla,JAMS,SEASHELLS,6504.0,11
11746,1626700,Caesar,Camilla,JAMS,SEASHELLS,6509.0,5
11747,1626700,Caesar,Paris,JAMS,SEASHELLS,6509.0,10
11781,1628600,Paris,Caesar,JAMS,SEASHELLS,6513.0,9
11786,1629100,Caesar,Paris,JAMS,SEASHELLS,6512.0,8
11793,1629400,Caesar,Paris,JAMS,SEASHELLS,6513.0,5
11800,1629900,Caesar,Camilla,JAMS,SEASHELLS,6513.0,8
11811,1630100,Paris,Caesar,JAMS,SEASHELLS,6514.0,10
11830,1631300,Caesar,Paris,JAMS,SEASHELLS,6513.0,6
11853,1633100,Caesar,Paris,JAMS,SEASHELLS,6513.0,9
11864,1634300,Caesar,Paris,JAMS,SEASHELLS,6511.0,7
11892,1635800,Caesar,Paris,JAMS,SEASHELLS,6506.0,7
11894,1636200,Caesar,Camilla,JAMS,SEASHELLS,6506.0,7
11900,1636500,Caesar,Camilla,JAMS,SEASHELLS,6506.0,7
11902,1636600,Caesar,Camilla,JAMS,SEASHELLS,6506.0,9
11931,1637800,Caesar,Paris,JAMS,SEASHELLS,6509.0,7
11970,1640200,Caesar,Paris,JAMS,SEASHELLS,6505.0,9
11973,1640400,Caesar,Camilla,JAMS,SEASHELLS,6505.0,9
11983,1640800,Paris,Caesar,JAMS,SEASHELLS,6508.0,9
12036,1643400,Caesar,Camilla,JAMS,SEASHELLS,6506.0,9
12055,1644700,Caesar,Camilla,JAMS,SEASHELLS,6508.0,7
12057,1645000,Caesar,Paris,JAMS,SEASHELLS,6508.0,9
12073,1646200,Caesar,Paris,JAMS,SEASHELLS,6509.0,6
12089,1647000,Caesar,Paris,JAMS,SEASHELLS,6509.0,10
12093,1647300,Caesar,Paris,JAMS,SEASHELLS,6510.0,10
12098,1647500,Paris,Caesar,JAMS,SEASHELLS,6510.0,10
12113,1649100,Caesar,Camilla,JAMS,SEASHELLS,6509.0,5
12140,1650900,Caesar,Camilla,JAMS,SEASHELLS,6507.0,8
12173,1652200,Paris,Caesar,JAMS,SEASHELLS,6509.0,10
12180,1652700,Caesar,Paris,JAMS,SEASHELLS,6507.0,6
12182,1653000,Paris,Caesar,JAMS,SEASHELLS,6508.0,8
12190,1653300,Paris,Caesar,JAMS,SEASHELLS,6509.0,8
12206,1654000,Paris,Caesar,JAMS,SEASHELLS,6508.0,5
12223,1655400,Caesar,Paris,JAMS,SEASHELLS,6506.0,5
12224,1655500,Caesar,Camilla,JAMS,SEASHELLS,6506.0,8
12226,1655600,Caesar,Camilla,JAMS,SEASHELLS,6506.0,11
12233,1656000,Caesar,Paris,JAMS,SEASHELLS,6506.0,5
12263,1657600,Paris,Caesar,JAMS,SEASHELLS,6505.0,6
12276,1658600,Paris,Caesar,JAMS,SEASHELLS,6505.0,10
12288,1660000,Caesar,Paris,JAMS,SEASHELLS,6502.0,5
12292,1660700,Caesar,Camilla,JAMS,SEASHELLS,6501.0,10
12296,1661200,Caesar,Camilla,JAMS,SEASHELLS,6501.0,8
12303,1661700,Paris,Caesar,JAMS,SEASHELLS,6502.0,7
12318,1662000,Caesar,Camilla,JAMS,SEASHELLS,6501.0,9
12332,1662600,Caesar,Paris,JAMS,SEASHELLS,6500.0,4
12340,1663300,Caesar,Camilla,JAMS,SEASHELLS,6502.0,11
12347,1664000,Paris,Caesar,JAMS,SEASHELLS,6504.0,6
12349,1664400,Paris,Caesar,JAMS,SEASHELLS,6503.0,5
12358,1665000,Caesar,Paris,JAMS,SEASHELLS,6501.0,7
12373,1665900,Paris,Caesar,JAMS,SEASHELLS,6504.0,10
12376,1666200,Caesar,Camilla,JAMS,SEASHELLS,6503.0,11
12383,1666300,Caesar,Camilla,JAMS,SEASHELLS,6503.0,8
12384,1666300,Paris,Caesar,JAMS,SEASHELLS,6504.0,6
12428,1668200,Caesar,Paris,JAMS,SEASHELLS,6500.0,7
12436,1668700,Caesar,Paris,JAMS,SEASHELLS,6500.0,9
12500,1673200,Paris,Caesar,JAMS,SEASHELLS,6498.0,9
12505,1673900,Caesar,Paris,JAMS,SEASHELLS,6495.0,8
12514,1674800,Caesar,Camilla,JAMS,SEASHELLS,6495.0,3
12519,1675000,Caesar,Paris,JAMS,SEASHELLS,6495.0,5
12535,1676000,Paris,Caesar,JAMS,SEASHELLS,6497.0,4
12581,1677600,Caesar,Camilla,JAMS,SEASHELLS,6495.0,8
12607,1679200,Caesar,Camilla,JAMS,SEASHELLS,6496.0,11
12623,1679900,Caesar,Camilla,JAMS,SEASHELLS,6497.0,3
12625,1680000,Paris,Caesar,JAMS,SEASHELLS,6499.0,8
12658,1682000,Caesar,Camilla,JAMS,SEASHELLS,6495.0,10
12664,1682300,Caesar,Camilla,JAMS,SEASHELLS,6496.0,8
12673,1683100,Paris,Caesar,JAMS,SEASHELLS,6496.0,5
12688,1683400,Paris,Caesar,JAMS,SEASHELLS,6497.0,10
12706,1684100,Paris,Camilla,JAMS,SEASHELLS,6495.0,3
12713,1684500,Caesar,Camilla,JAMS,SEASHELLS,6494.0,8
12716,1684700,Paris,Caesar,JAMS,SEASHELLS,6495.0,6
12744,1687000,Caesar,Paris,JAMS,SEASHELLS,6499.0,9
12748,1687400,Paris,Camilla,JAMS,SEASHELLS,6500.0,5
12752,1687700,Caesar,Paris,JAMS,SEASHELLS,6499.0,10
12816,1691100,Paris,Caesar,JAMS,SEASHELLS,6503.0,6
12826,1692300,Paris,Caesar,JAMS,SEASHELLS,6503.0,4
12844,1693600,Paris,Caesar,JAMS,SEASHELLS,6504.0,10
12846,1693900,Paris,Caesar,JAMS,SEASHELLS,6504.0,9
12871,1695200,Caesar,Paris,JAMS,SEASHELLS,6503.0,5
12888,1696900,Caesar,Paris,JAMS,SEASHELLS,6498.0,10
