,timestamp,buyer,seller,symbol,currency,price,quantity
4,200,Paris,Charlie,KELP,SEASHELLS,2046.0,1
6,300,Charlie,Paris,KELP,SEASHELLS,2044.0,1
8,500,Paris,Charlie,KELP,SEASHELLS,2047.0,2
12,900,Charlie,Gary,KELP,SEASHELLS,2043.0,8
17,1200,Camilla,Paris,KELP,SEASHELLS,2043.0,1
22,1500,Charlie,Paris,KELP,SEASHELLS,2044.0,1
35,3200,Paris,Camilla,KELP,SEASHELLS,2045.0,2
48,3700,Charlie,Pablo,KELP,SEASHELLS,2044.0,5
58,4600,Paris,Charlie,KELP,SEASHELLS,2046.0,1
60,4700,Penelope,Charlie,KELP,SEASHELLS,2047.0,4
67,4900,Paris,Charlie,KELP,SEASHELLS,2047.0,2
72,5400,Charlie,Pablo,KELP,SEASHELLS,2044.0,5
75,5700,Gary,Charlie,KELP,SEASHELLS,2047.0,14
80,5800,Gary,Charlie,KELP,SEASHELLS,2047.0,14
82,5900,Gary,Charlie,KELP,SEASHELLS,2047.0,12
83,5900,Pablo,Paris,KELP,SEASHELLS,2045.0,1
87,6100,Charlie,Pablo,KELP,SEASHELLS,2044.0,5
88,6100,Gary,Camilla,KELP,SEASHELLS,2046.0,8
106,7400,Charlie,Paris,KELP,SEASHELLS,2044.0,1
114,7800,Paris,Charlie,KELP,SEASHELLS,2046.0,1
131,9400,Charlie,Paris,KELP,SEASHELLS,2044.0,1
139,9600,Paris,Paris,KELP,SEASHELLS,2046.0,1
144,9900,Paris,Caesar,KELP,SEASHELLS,2046.0,1
145,9900,Charlie,Caesar,KELP,SEASHELLS,2045.0,5
153,10500,Camilla,Paris,KELP,SEASHELLS,2044.0,2
155,10600,Paris,Camilla,KELP,SEASHELLS,2046.0,1
162,11700,Charlie,Caesar,KELP,SEASHELLS,2045.0,3
166,12100,Paris,Camilla,KELP,SEASHELLS,2046.0,1
169,12200,Camilla,Paris,KELP,SEASHELLS,2044.0,1
171,12300,Charlie,Pablo,KELP,SEASHELLS,2044.0,3
173,12400,Charlie,Paris,KELP,SEASHELLS,2044.0,1
181,12900,Penelope,Charlie,KELP,SEASHELLS,2048.0,6
190,13700,Pablo,Camilla,KELP,SEASHELLS,2047.0,3
193,13900,Charlie,Paris,KELP,SEASHELLS,2045.0,1
194,13900,Penelope,Camilla,KELP,SEASHELLS,2047.0,3
197,14000,Charlie,Penelope,KELP,SEASHELLS,2045.0,15
200,14100,Pablo,Charlie,KELP,SEASHELLS,2047.0,4
205,14500,Charlie,Pablo,KELP,SEASHELLS,2046.0,5
209,14700,Paris,Charlie,KELP,SEASHELLS,2047.0,1
213,15000,Paris,Charlie,KELP,SEASHELLS,2047.0,1
221,15200,Camilla,Pablo,KELP,SEASHELLS,2045.0,2
222,15200,Charlie,Pablo,KELP,SEASHELLS,2045.0,1
227,15500,Camilla,Paris,KELP,SEASHELLS,2045.0,1
230,16100,Camilla,Paris,KELP,SEASHELLS,2045.0,1
234,16300,Paris,Camilla,KELP,SEASHELLS,2047.0,1
237,16400,Gary,Caesar,KELP,SEASHELLS,2048.0,1
238,16400,Gary,Charlie,KELP,SEASHELLS,2048.0,8
244,16700,Paris,Charlie,KELP,SEASHELLS,2048.0,2
254,17900,Paris,Charlie,KELP,SEASHELLS,2047.0,1
262,18000,Paris,Paris,KELP,SEASHELLS,2047.0,1
266,18600,Charlie,Paris,KELP,SEASHELLS,2045.0,1
268,18700,Paris,Charlie,KELP,SEASHELLS,2047.0,1
271,19000,Paris,Camilla,KELP,SEASHELLS,2047.0,1
273,19100,Caesar,Pablo,KELP,SEASHELLS,2045.0,1
274,19100,Charlie,Pablo,KELP,SEASHELLS,2045.0,1
276,19200,Paris,Camilla,KELP,SEASHELLS,2046.0,1
278,19300,Gary,Charlie,KELP,SEASHELLS,2048.0,10
288,19500,Caesar,Paris,KELP,SEASHELLS,2045.0,1
289,19500,Charlie,Paris,KELP,SEASHELLS,2045.0,1
292,19700,Caesar,Paris,KELP,SEASHELLS,2045.0,1
293,19700,Caesar,Penelope,KELP,SEASHELLS,2045.0,1
294,19700,Charlie,Penelope,KELP,SEASHELLS,2045.0,14
300,20000,Paris,Camilla,KELP,SEASHELLS,2047.0,1
302,20100,Paris,Charlie,KELP,SEASHELLS,2048.0,2
305,20300,Charlie,Paris,KELP,SEASHELLS,2045.0,1
319,21300,Paris,Charlie,KELP,SEASHELLS,2047.0,1
334,21700,Paris,Camilla,KELP,SEASHELLS,2047.0,1
338,21800,Gina,Charlie,KELP,SEASHELLS,2047.0,10
339,21900,Charlie,Gary,KELP,SEASHELLS,2045.0,13
341,22000,Charlie,Pablo,KELP,SEASHELLS,2045.0,3
349,22600,Gina,Camilla,KELP,SEASHELLS,2047.0,2
350,22600,Gina,Charlie,KELP,SEASHELLS,2047.0,5
352,22700,Charlie,Gary,KELP,SEASHELLS,2045.0,11
372,23700,Paris,Charlie,KELP,SEASHELLS,2048.0,1
388,24400,Charlie,Paris,KELP,SEASHELLS,2046.0,1
401,25800,Charlie,Penelope,KELP,SEASHELLS,2045.0,8
416,26800,Paris,Charlie,KELP,SEASHELLS,2048.0,1
419,27100,Paris,Camilla,KELP,SEASHELLS,2047.0,1
428,27600,Penelope,Charlie,KELP,SEASHELLS,2049.0,10
442,28600,Camilla,Gina,KELP,SEASHELLS,2046.0,1
443,28600,Charlie,Gina,KELP,SEASHELLS,2046.0,6
447,28800,Charlie,Paris,KELP,SEASHELLS,2045.0,2
449,29100,Paris,Charlie,KELP,SEASHELLS,2047.0,1
454,29500,Penelope,Charlie,KELP,SEASHELLS,2049.0,4
462,29800,Camilla,Paris,KELP,SEASHELLS,2045.0,1
464,29900,Caesar,Pablo,KELP,SEASHELLS,2046.0,2
470,30100,Charlie,Pablo,KELP,SEASHELLS,2046.0,3
473,30300,Paris,Camilla,KELP,SEASHELLS,2047.0,1
492,31300,Paris,Charlie,KELP,SEASHELLS,2048.0,1
497,31700,Paris,Camilla,KELP,SEASHELLS,2048.0,1
509,32000,Charlie,Pablo,KELP,SEASHELLS,2047.0,4
511,32200,Charlie,Caesar,KELP,SEASHELLS,2047.0,4
524,32900,Charlie,Paris,KELP,SEASHELLS,2047.0,1
526,33100,Charlie,Paris,KELP,SEASHELLS,2046.0,1
533,33600,Paris,Charlie,KELP,SEASHELLS,2050.0,1
546,34800,Pablo,Penelope,KELP,SEASHELLS,2048.0,3
547,34800,Caesar,Penelope,KELP,SEASHELLS,2048.0,4
556,35200,Charlie,Paris,KELP,SEASHELLS,2047.0,1
586,36900,Charlie,Paris,KELP,SEASHELLS,2046.0,1
599,37800,Charlie,Paris,KELP,SEASHELLS,2046.0,2
601,37900,Charlie,Pablo,KELP,SEASHELLS,2047.0,4
610,38300,Charlie,Gary,KELP,SEASHELLS,2046.0,8
612,38400,Charlie,Gary,KELP,SEASHELLS,2046.0,8
620,39500,Paris,Charlie,KELP,SEASHELLS,2048.0,1
628,40300,Charlie,Pablo,KELP,SEASHELLS,2046.0,2
632,40400,Charlie,Gina,KELP,SEASHELLS,2046.0,8
637,41200,Charlie,Paris,KELP,SEASHELLS,2046.0,1
644,41300,Charlie,Pablo,KELP,SEASHELLS,2046.0,4
656,42800,Charlie,Paris,KELP,SEASHELLS,2046.0,1
661,43200,Paris,Pablo,KELP,SEASHELLS,2046.0,1
662,43200,Charlie,Pablo,KELP,SEASHELLS,2046.0,2
671,43700,Charlie,Caesar,KELP,SEASHELLS,2047.0,5
686,44900,Paris,Camilla,KELP,SEASHELLS,2048.0,1
689,45000,Charlie,Paris,KELP,SEASHELLS,2046.0,1
700,45600,Caesar,Paris,KELP,SEASHELLS,2046.0,1
714,46500,Paris,Camilla,KELP,SEASHELLS,2048.0,1
720,47100,Camilla,Paris,KELP,SEASHELLS,2046.0,1
723,47200,Charlie,Gina,KELP,SEASHELLS,2046.0,8
725,47400,Charlie,Paris,KELP,SEASHELLS,2046.0,1
727,47500,Paris,Charlie,KELP,SEASHELLS,2049.0,1
756,48400,Charlie,Paris,KELP,SEASHELLS,2046.0,1
763,49000,Charlie,Paris,KELP,SEASHELLS,2046.0,2
765,49100,Camilla,Paris,KELP,SEASHELLS,2046.0,1
772,49300,Caesar,Paris,KELP,SEASHELLS,2046.0,1
776,49400,Paris,Charlie,KELP,SEASHELLS,2048.0,1
798,50400,Charlie,Paris,KELP,SEASHELLS,2045.0,1
801,50500,Charlie,Paris,KELP,SEASHELLS,2045.0,1
803,50600,Paris,Charlie,KELP,SEASHELLS,2049.0,2
804,50600,Paris,Charlie,KELP,SEASHELLS,2048.0,1
815,50900,Charlie,Paris,KELP,SEASHELLS,2046.0,1
817,51100,Charlie,Penelope,KELP,SEASHELLS,2046.0,15
819,51200,Charlie,Paris,KELP,SEASHELLS,2046.0,2
821,51500,Gary,Caesar,KELP,SEASHELLS,2047.0,3
852,53000,Paris,Paris,KELP,SEASHELLS,2048.0,1
861,53600,Paris,Charlie,KELP,SEASHELLS,2049.0,1
865,53900,Paris,Charlie,KELP,SEASHELLS,2049.0,1
867,54100,Caesar,Paris,KELP,SEASHELLS,2046.0,1
873,54500,Charlie,Paris,KELP,SEASHELLS,2045.0,1
876,54800,Caesar,Paris,KELP,SEASHELLS,2046.0,1
888,56000,Paris,Charlie,KELP,SEASHELLS,2049.0,1
891,56100,Charlie,Paris,KELP,SEASHELLS,2045.0,1
892,56100,Penelope,Charlie,KELP,SEASHELLS,2049.0,8
895,56300,Charlie,Penelope,KELP,SEASHELLS,2045.0,8
915,56800,Charlie,Paris,KELP,SEASHELLS,2045.0,2
937,57500,Penelope,Camilla,KELP,SEASHELLS,2047.0,1
938,57500,Penelope,Charlie,KELP,SEASHELLS,2047.0,4
941,57600,Charlie,Paris,KELP,SEASHELLS,2045.0,1
942,57600,Paris,Charlie,KELP,SEASHELLS,2048.0,1
946,57800,Paris,Charlie,KELP,SEASHELLS,2047.0,1
948,57900,Gina,Paris,KELP,SEASHELLS,2045.0,1
956,58300,Charlie,Paris,KELP,SEASHELLS,2045.0,1
958,58400,Paris,Pablo,KELP,SEASHELLS,2046.0,1
959,58400,Paris,Pablo,KELP,SEASHELLS,2046.0,1
974,58900,Paris,Charlie,KELP,SEASHELLS,2049.0,2
978,59100,Charlie,Paris,KELP,SEASHELLS,2046.0,2
989,59700,Paris,Caesar,KELP,SEASHELLS,2048.0,1
992,59800,Charlie,Gina,KELP,SEASHELLS,2046.0,10
996,59900,Camilla,Paris,KELP,SEASHELLS,2046.0,1
999,60000,Camilla,Paris,KELP,SEASHELLS,2046.0,1
1003,60100,Caesar,Paris,KELP,SEASHELLS,2046.0,1
1018,61200,Paris,Charlie,KELP,SEASHELLS,2048.0,1
1021,61400,Charlie,Paris,KELP,SEASHELLS,2046.0,1
1025,61600,Penelope,Charlie,KELP,SEASHELLS,2049.0,10
1029,62200,Camilla,Paris,KELP,SEASHELLS,2046.0,1
1031,62300,Charlie,Paris,KELP,SEASHELLS,2046.0,1
1034,62500,Charlie,Paris,KELP,SEASHELLS,2046.0,1
1037,62600,Paris,Charlie,KELP,SEASHELLS,2048.0,1
1039,62700,Paris,Camilla,KELP,SEASHELLS,2048.0,1
1040,62700,Penelope,Camilla,KELP,SEASHELLS,2048.0,7
1045,63200,Paris,Charlie,KELP,SEASHELLS,2049.0,1
1047,63400,Paris,Camilla,KELP,SEASHELLS,2048.0,1
1057,63800,Paris,Charlie,KELP,SEASHELLS,2048.0,1
1063,64200,Charlie,Paris,KELP,SEASHELLS,2046.0,1
1069,64600,Charlie,Paris,KELP,SEASHELLS,2046.0,1
1072,64800,Charlie,Caesar,KELP,SEASHELLS,2047.0,2
1075,65000,Paris,Camilla,KELP,SEASHELLS,2048.0,2
1078,65100,Camilla,Paris,KELP,SEASHELLS,2046.0,1
1089,65400,Charlie,Paris,KELP,SEASHELLS,2046.0,1
1093,65500,Gina,Camilla,KELP,SEASHELLS,2048.0,4
1094,65500,Gina,Gary,KELP,SEASHELLS,2048.0,4
1097,65700,Charlie,Paris,KELP,SEASHELLS,2046.0,1
1102,66000,Paris,Charlie,KELP,SEASHELLS,2049.0,2
1104,66300,Charlie,Paris,KELP,SEASHELLS,2045.0,1
1114,66500,Caesar,Paris,KELP,SEASHELLS,2046.0,1
1116,66700,Camilla,Paris,KELP,SEASHELLS,2046.0,1
1118,66900,Gina,Penelope,KELP,SEASHELLS,2047.0,8
1132,67300,Charlie,Paris,KELP,SEASHELLS,2045.0,1
1137,67600,Charlie,Paris,KELP,SEASHELLS,2045.0,2
1139,67700,Camilla,Paris,KELP,SEASHELLS,2046.0,1
1141,67800,Paris,Caesar,KELP,SEASHELLS,2048.0,1
1146,68000,Paris,Charlie,KELP,SEASHELLS,2049.0,2
1148,68100,Penelope,Charlie,KELP,SEASHELLS,2049.0,11
1154,68300,Charlie,Paris,KELP,SEASHELLS,2046.0,1
1160,69000,Paris,Charlie,KELP,SEASHELLS,2049.0,2
1179,70200,Charlie,Pablo,KELP,SEASHELLS,2046.0,3
1205,72200,Charlie,Paris,KELP,SEASHELLS,2045.0,1
1206,72200,Penelope,Charlie,KELP,SEASHELLS,2049.0,14
1210,72400,Penelope,Charlie,KELP,SEASHELLS,2049.0,6
1213,72500,Charlie,Paris,KELP,SEASHELLS,2045.0,2
1221,72800,Paris,Charlie,KELP,SEASHELLS,2049.0,2
1223,72900,Charlie,Paris,KELP,SEASHELLS,2046.0,1
1245,74100,Penelope,Charlie,KELP,SEASHELLS,2049.0,8
1248,74300,Paris,Charlie,KELP,SEASHELLS,2048.0,1
1253,74400,Charlie,Paris,KELP,SEASHELLS,2046.0,1
1263,74800,Paris,Charlie,KELP,SEASHELLS,2048.0,1
1271,75200,Charlie,Paris,KELP,SEASHELLS,2046.0,1
1275,75400,Charlie,Gary,KELP,SEASHELLS,2046.0,15
1278,75600,Charlie,Paris,KELP,SEASHELLS,2046.0,1
1285,76000,Pablo,Camilla,KELP,SEASHELLS,2047.0,2
1298,76400,Paris,Charlie,KELP,SEASHELLS,2048.0,1
1301,76500,Paris,Charlie,KELP,SEASHELLS,2048.0,1
1307,77100,Paris,Charlie,KELP,SEASHELLS,2048.0,1
1313,78100,Camilla,Paris,KELP,SEASHELLS,2046.0,1
1316,78300,Paris,Charlie,KELP,SEASHELLS,2049.0,1
1317,78300,Paris,Charlie,KELP,SEASHELLS,2048.0,1
1320,78400,Penelope,Charlie,KELP,SEASHELLS,2049.0,5
1331,79100,Charlie,Paris,KELP,SEASHELLS,2046.0,1
1334,79300,Charlie,Gina,KELP,SEASHELLS,2046.0,10
1341,79900,Camilla,Gina,KELP,SEASHELLS,2046.0,2
1342,79900,Charlie,Gina,KELP,SEASHELLS,2046.0,5
1350,80100,Paris,Camilla,KELP,SEASHELLS,2048.0,1
1365,80900,Gary,Charlie,KELP,SEASHELLS,2050.0,15
1366,80900,Paris,Charlie,KELP,SEASHELLS,2049.0,1
1370,81200,Charlie,Paris,KELP,SEASHELLS,2047.0,2
1374,81700,Paris,Caesar,KELP,SEASHELLS,2049.0,1
1383,81800,Paris,Charlie,KELP,SEASHELLS,2050.0,2
1386,81900,Paris,Charlie,KELP,SEASHELLS,2050.0,2
1390,82000,Penelope,Charlie,KELP,SEASHELLS,2050.0,13
1392,82200,Penelope,Charlie,KELP,SEASHELLS,2050.0,4
1396,82500,Charlie,Gary,KELP,SEASHELLS,2047.0,15
1401,82700,Charlie,Paris,KELP,SEASHELLS,2047.0,1
1405,82900,Charlie,Paris,KELP,SEASHELLS,2047.0,1
1407,83000,Penelope,Charlie,KELP,SEASHELLS,2050.0,8
1412,83500,Charlie,Paris,KELP,SEASHELLS,2047.0,1
1421,84000,Paris,Charlie,KELP,SEASHELLS,2050.0,2
1427,84200,Paris,Camilla,KELP,SEASHELLS,2050.0,1
1430,84300,Paris,Charlie,KELP,SEASHELLS,2050.0,1
1433,84700,Camilla,Paris,KELP,SEASHELLS,2048.0,1
1445,85200,Charlie,Camilla,KELP,SEASHELLS,2049.0,1
1458,85800,Camilla,Penelope,KELP,SEASHELLS,2048.0,2
1459,85800,Charlie,Penelope,KELP,SEASHELLS,2048.0,4
1469,86700,Paris,Charlie,KELP,SEASHELLS,2050.0,1
1473,86800,Paris,Charlie,KELP,SEASHELLS,2051.0,1
1475,86900,Caesar,Pablo,KELP,SEASHELLS,2048.0,2
1478,87000,Charlie,Pablo,KELP,SEASHELLS,2048.0,4
1482,87100,Charlie,Pablo,KELP,SEASHELLS,2048.0,3
1493,87900,Caesar,Paris,KELP,SEASHELLS,2049.0,1
1501,88300,Paris,Charlie,KELP,SEASHELLS,2052.0,2
1509,88600,Paris,Charlie,KELP,SEASHELLS,2051.0,1
1515,88900,Charlie,Gary,KELP,SEASHELLS,2049.0,14
1526,89800,Pablo,Paris,KELP,SEASHELLS,2050.0,2
1544,90600,Charlie,Gina,KELP,SEASHELLS,2048.0,8
1559,90800,Charlie,Paris,KELP,SEASHELLS,2048.0,1
1560,90800,Paris,Charlie,KELP,SEASHELLS,2051.0,1
1568,91200,Charlie,Paris,KELP,SEASHELLS,2048.0,2
1569,91200,Charlie,Pablo,KELP,SEASHELLS,2049.0,3
1572,91300,Paris,Charlie,KELP,SEASHELLS,2050.0,1
1577,91500,Charlie,Penelope,KELP,SEASHELLS,2048.0,13
1602,92500,Charlie,Gary,KELP,SEASHELLS,2048.0,15
1612,93000,Caesar,Paris,KELP,SEASHELLS,2049.0,1
1614,93300,Penelope,Camilla,KELP,SEASHELLS,2051.0,5
1619,93600,Charlie,Pablo,KELP,SEASHELLS,2049.0,3
1635,94200,Paris,Charlie,KELP,SEASHELLS,2051.0,1
1637,94300,Penelope,Camilla,KELP,SEASHELLS,2050.0,1
1639,94500,Paris,Charlie,KELP,SEASHELLS,2052.0,2
1642,94600,Paris,Paris,KELP,SEASHELLS,2051.0,1
1644,94800,Caesar,Paris,KELP,SEASHELLS,2049.0,1
1647,95400,Paris,Charlie,KELP,SEASHELLS,2051.0,1
1667,97300,Camilla,Paris,KELP,SEASHELLS,2049.0,1
1670,97400,Charlie,Paris,KELP,SEASHELLS,2049.0,1
1671,97400,Charlie,Penelope,KELP,SEASHELLS,2049.0,5
1696,98800,Charlie,Paris,KELP,SEASHELLS,2049.0,1
1697,99000,Charlie,Paris,KELP,SEASHELLS,2049.0,1
1703,99300,Paris,Camilla,KELP,SEASHELLS,2051.0,2
1707,99500,Gary,Charlie,KELP,SEASHELLS,2052.0,15
1713,100600,Paris,Caesar,KELP,SEASHELLS,2052.0,1
1718,100900,Paris,Camilla,KELP,SEASHELLS,2051.0,1
1719,100900,Charlie,Penelope,KELP,SEASHELLS,2049.0,5
1732,101700,Charlie,Paris,KELP,SEASHELLS,2049.0,1
1734,101800,Charlie,Paris,KELP,SEASHELLS,2049.0,2
1736,101900,Charlie,Paris,KELP,SEASHELLS,2050.0,1
1743,102100,Charlie,Pablo,KELP,SEASHELLS,2050.0,5
1752,102400,Charlie,Paris,KELP,SEASHELLS,2050.0,1
1753,102400,Charlie,Caesar,KELP,SEASHELLS,2051.0,2
1754,102400,Charlie,Olivia,KELP,SEASHELLS,2050.0,15
1758,102600,Penelope,Charlie,KELP,SEASHELLS,2053.0,15
1768,103100,Charlie,Pablo,KELP,SEASHELLS,2050.0,5
1770,103200,Paris,Charlie,KELP,SEASHELLS,2052.0,1
1777,103800,Paris,Gary,KELP,SEASHELLS,2051.0,1
1796,104400,Charlie,Pablo,KELP,SEASHELLS,2049.0,4
1799,104500,Charlie,Paris,KELP,SEASHELLS,2049.0,1
1801,104600,Charlie,Paris,KELP,SEASHELLS,2049.0,1
1804,104700,Charlie,Paris,KELP,SEASHELLS,2049.0,1
1807,105200,Charlie,Paris,KELP,SEASHELLS,2048.0,1
1809,105300,Caesar,Paris,KELP,SEASHELLS,2049.0,1
1810,105300,Caesar,Gary,KELP,SEASHELLS,2050.0,1
1814,105500,Paris,Charlie,KELP,SEASHELLS,2051.0,1
1818,105700,Pablo,Camilla,KELP,SEASHELLS,2050.0,2
1829,106500,Gary,Charlie,KELP,SEASHELLS,2051.0,8
1832,106800,Camilla,Paris,KELP,SEASHELLS,2048.0,1
1833,106800,Penelope,Charlie,KELP,SEASHELLS,2051.0,11
1836,106900,Camilla,Gary,KELP,SEASHELLS,2048.0,1
1837,106900,Charlie,Gary,KELP,SEASHELLS,2048.0,8
1850,107600,Charlie,Paris,KELP,SEASHELLS,2048.0,1
1852,107800,Paris,Paris,KELP,SEASHELLS,2050.0,1
1854,107900,Paris,Camilla,KELP,SEASHELLS,2050.0,1
1867,108600,Pablo,Paris,KELP,SEASHELLS,2050.0,1
1872,109000,Camilla,Paris,KELP,SEASHELLS,2049.0,1
1878,109300,Penelope,Charlie,KELP,SEASHELLS,2052.0,7
1882,109400,Gina,Camilla,KELP,SEASHELLS,2051.0,6
1883,109400,Gina,Charlie,KELP,SEASHELLS,2051.0,2
1891,109900,Paris,Charlie,KELP,SEASHELLS,2051.0,1
1903,111000,Penelope,Charlie,KELP,SEASHELLS,2051.0,15
1908,111200,Camilla,Paris,KELP,SEASHELLS,2048.0,1
1911,111400,Charlie,Paris,KELP,SEASHELLS,2048.0,1
1933,112300,Charlie,Paris,KELP,SEASHELLS,2048.0,1
1938,112700,Paris,Charlie,KELP,SEASHELLS,2050.0,1
1939,112900,Charlie,Paris,KELP,SEASHELLS,2048.0,1
1958,114100,Charlie,Penelope,KELP,SEASHELLS,2048.0,5
1959,114100,Paris,Charlie,KELP,SEASHELLS,2051.0,1
1962,114200,Charlie,Penelope,KELP,SEASHELLS,2048.0,14
1965,114300,Paris,Paris,KELP,SEASHELLS,2050.0,1
1982,114800,Charlie,Caesar,KELP,SEASHELLS,2049.0,5
1984,115000,Paris,Camilla,KELP,SEASHELLS,2050.0,1
1985,115000,Charlie,Gary,KELP,SEASHELLS,2048.0,10
1992,115400,Camilla,Penelope,KELP,SEASHELLS,2048.0,5
1993,115400,Charlie,Penelope,KELP,SEASHELLS,2048.0,5
1998,115500,Paris,Charlie,KELP,SEASHELLS,2050.0,1
2004,116100,Charlie,Paris,KELP,SEASHELLS,2048.0,1
2020,116600,Caesar,Paris,KELP,SEASHELLS,2048.0,1
2025,117100,Paris,Camilla,KELP,SEASHELLS,2050.0,1
2027,117300,Caesar,Paris,KELP,SEASHELLS,2048.0,1
2034,117500,Charlie,Paris,KELP,SEASHELLS,2048.0,1
2037,117700,Charlie,Penelope,KELP,SEASHELLS,2048.0,9
2039,117800,Paris,Camilla,KELP,SEASHELLS,2050.0,1
2042,118100,Camilla,Paris,KELP,SEASHELLS,2048.0,2
2048,118800,Caesar,Paris,KELP,SEASHELLS,2048.0,1
2052,119100,Paris,Charlie,KELP,SEASHELLS,2051.0,2
2059,119900,Charlie,Caesar,KELP,SEASHELLS,2049.0,2
2064,120300,Charlie,Paris,KELP,SEASHELLS,2047.0,1
2071,120900,Paris,Camilla,KELP,SEASHELLS,2050.0,1
2082,121400,Charlie,Paris,KELP,SEASHELLS,2047.0,1
2085,121600,Charlie,Paris,KELP,SEASHELLS,2047.0,1
2093,122200,Charlie,Paris,KELP,SEASHELLS,2047.0,1
2096,122500,Charlie,Paris,KELP,SEASHELLS,2047.0,1
2099,122900,Charlie,Paris,KELP,SEASHELLS,2047.0,1
2101,123000,Gary,Charlie,KELP,SEASHELLS,2051.0,9
2107,123200,Paris,Charlie,KELP,SEASHELLS,2049.0,1
2112,123400,Penelope,Charlie,KELP,SEASHELLS,2050.0,11
2116,123800,Penelope,Caesar,KELP,SEASHELLS,2050.0,1
2117,123800,Paris,Charlie,KELP,SEASHELLS,2051.0,2
2122,124400,Paris,Charlie,KELP,SEASHELLS,2049.0,1
2126,125100,Charlie,Paris,KELP,SEASHELLS,2047.0,1
2127,125100,Charlie,Paris,KELP,SEASHELLS,2047.0,1
2131,125300,Camilla,Gina,KELP,SEASHELLS,2047.0,8
2132,125300,Charlie,Gina,KELP,SEASHELLS,2047.0,1
2138,125800,Charlie,Gary,KELP,SEASHELLS,2047.0,14
2141,125900,Pablo,Charlie,KELP,SEASHELLS,2049.0,2
2145,126400,Charlie,Paris,KELP,SEASHELLS,2047.0,1
2148,126500,Paris,Charlie,KELP,SEASHELLS,2050.0,1
2151,126700,Charlie,Paris,KELP,SEASHELLS,2047.0,1
2152,126700,Charlie,Paris,KELP,SEASHELLS,2047.0,1
2156,127000,Paris,Caesar,KELP,SEASHELLS,2049.0,1
2159,127100,Caesar,Camilla,KELP,SEASHELLS,2049.0,1
2168,127400,Charlie,Penelope,KELP,SEASHELLS,2047.0,10
2172,127700,Camilla,Paris,KELP,SEASHELLS,2047.0,1
2176,127900,Charlie,Paris,KELP,SEASHELLS,2047.0,1
2178,128000,Camilla,Penelope,KELP,SEASHELLS,2047.0,4
2179,128000,Charlie,Penelope,KELP,SEASHELLS,2047.0,7
2180,128000,Camilla,Paris,KELP,SEASHELLS,2047.0,0
2181,128000,Charlie,Paris,KELP,SEASHELLS,2047.0,2
2187,128100,Paris,Pablo,KELP,SEASHELLS,2048.0,1
2190,128200,Charlie,Paris,KELP,SEASHELLS,2047.0,1
2192,128500,Gary,Charlie,KELP,SEASHELLS,2050.0,10
2200,129100,Charlie,Paris,KELP,SEASHELLS,2047.0,1
2208,129200,Charlie,Paris,KELP,SEASHELLS,2047.0,1
2210,129300,Camilla,Paris,KELP,SEASHELLS,2047.0,1
2212,129600,Paris,Caesar,KELP,SEASHELLS,2048.0,1
2213,129600,Charlie,Caesar,KELP,SEASHELLS,2048.0,2
2217,129700,Caesar,Pablo,KELP,SEASHELLS,2047.0,1
2220,130000,Caesar,Paris,KELP,SEASHELLS,2047.0,2
2248,131600,Pablo,Charlie,KELP,SEASHELLS,2048.0,2
2250,131900,Paris,Gary,KELP,SEASHELLS,2048.0,1
2265,132100,Camilla,Paris,KELP,SEASHELLS,2046.0,1
2268,132500,Camilla,Caesar,KELP,SEASHELLS,2047.0,2
2270,132600,Paris,Caesar,KELP,SEASHELLS,2049.0,2
2275,132900,Caesar,Paris,KELP,SEASHELLS,2047.0,1
2311,134800,Paris,Camilla,KELP,SEASHELLS,2049.0,1
2315,135000,Paris,Charlie,KELP,SEASHELLS,2049.0,1
2324,135400,Charlie,Caesar,KELP,SEASHELLS,2048.0,5
2332,136500,Caesar,Paris,KELP,SEASHELLS,2047.0,1
2336,136600,Charlie,Caesar,KELP,SEASHELLS,2048.0,2
2344,136800,Charlie,Paris,KELP,SEASHELLS,2047.0,1
2355,137300,Charlie,Gina,KELP,SEASHELLS,2047.0,10
2356,137300,Penelope,Charlie,KELP,SEASHELLS,2050.0,13
2360,137600,Paris,Camilla,KELP,SEASHELLS,2049.0,1
2362,137700,Charlie,Gary,KELP,SEASHELLS,2047.0,12
2374,138700,Charlie,Penelope,KELP,SEASHELLS,2047.0,5
2376,138800,Paris,Charlie,KELP,SEASHELLS,2049.0,1
2394,140100,Camilla,Paris,KELP,SEASHELLS,2047.0,1
2403,140400,Camilla,Paris,KELP,SEASHELLS,2047.0,1
2404,140400,Paris,Caesar,KELP,SEASHELLS,2050.0,2
2407,140500,Paris,Charlie,KELP,SEASHELLS,2049.0,1
2412,140800,Charlie,Caesar,KELP,SEASHELLS,2048.0,3
2416,141100,Charlie,Paris,KELP,SEASHELLS,2047.0,1
2421,141300,Pablo,Camilla,KELP,SEASHELLS,2049.0,1
2423,141500,Charlie,Gina,KELP,SEASHELLS,2047.0,9
2427,141900,Camilla,Paris,KELP,SEASHELLS,2047.0,1
2428,141900,Paris,Charlie,KELP,SEASHELLS,2051.0,1
2431,142100,Charlie,Paris,KELP,SEASHELLS,2047.0,1
2436,142300,Charlie,Paris,KELP,SEASHELLS,2047.0,1
2450,143200,Paris,Charlie,KELP,SEASHELLS,2049.0,1
2471,144200,Camilla,Paris,KELP,SEASHELLS,2047.0,2
2479,144600,Paris,Charlie,KELP,SEASHELLS,2049.0,1
2487,145100,Camilla,Paris,KELP,SEASHELLS,2047.0,1
2489,145300,Charlie,Paris,KELP,SEASHELLS,2047.0,1
2492,145600,Charlie,Paris,KELP,SEASHELLS,2047.0,1
2493,145600,Gary,Camilla,KELP,SEASHELLS,2049.0,8
2508,145900,Paris,Charlie,KELP,SEASHELLS,2049.0,1
2533,147000,Penelope,Charlie,KELP,SEASHELLS,2050.0,9
2539,147600,Caesar,Paris,KELP,SEASHELLS,2047.0,1
2541,147700,Camilla,Paris,KELP,SEASHELLS,2047.0,1
2544,147800,Penelope,Charlie,KELP,SEASHELLS,2050.0,9
2559,149400,Charlie,Paris,KELP,SEASHELLS,2046.0,1
2566,150100,Charlie,Paris,KELP,SEASHELLS,2046.0,1
2568,150300,Penelope,Charlie,KELP,SEASHELLS,2050.0,13
2572,150600,Paris,Caesar,KELP,SEASHELLS,2049.0,1
2591,152100,Camilla,Paris,KELP,SEASHELLS,2046.0,1
2593,152200,Paris,Charlie,KELP,SEASHELLS,2049.0,1
2624,154200,Paris,Gina,KELP,SEASHELLS,2049.0,1
2628,154300,Charlie,Paris,KELP,SEASHELLS,2047.0,1
2643,155200,Camilla,Paris,KELP,SEASHELLS,2047.0,1
2644,155200,Charlie,Paris,KELP,SEASHELLS,2047.0,1
2657,155500,Charlie,Paris,KELP,SEASHELLS,2047.0,1
2659,156000,Charlie,Paris,KELP,SEASHELLS,2047.0,1
2667,156100,Paris,Charlie,KELP,SEASHELLS,2050.0,2
2675,156300,Gary,Charlie,KELP,SEASHELLS,2051.0,14
2676,156300,Paris,Charlie,KELP,SEASHELLS,2051.0,2
2688,156600,Paris,Charlie,KELP,SEASHELLS,2050.0,1
2697,157300,Camilla,Paris,KELP,SEASHELLS,2048.0,1
2703,157600,Charlie,Paris,KELP,SEASHELLS,2048.0,1
2711,158200,Charlie,Paris,KELP,SEASHELLS,2047.0,1
2714,158300,Camilla,Paris,KELP,SEASHELLS,2048.0,2
2729,159500,Charlie,Caesar,KELP,SEASHELLS,2048.0,5
2730,159700,Charlie,Paris,KELP,SEASHELLS,2047.0,1
2732,159800,Charlie,Paris,KELP,SEASHELLS,2047.0,2
2739,160000,Penelope,Caesar,KELP,SEASHELLS,2050.0,1
2743,160200,Charlie,Paris,KELP,SEASHELLS,2047.0,1
2747,160900,Paris,Camilla,KELP,SEASHELLS,2049.0,1
2751,161100,Charlie,Paris,KELP,SEASHELLS,2047.0,1
2754,161200,Caesar,Paris,KELP,SEASHELLS,2047.0,1
2757,161500,Paris,Camilla,KELP,SEASHELLS,2049.0,1
2768,162100,Penelope,Charlie,KELP,SEASHELLS,2050.0,6
2769,162100,Paris,Charlie,KELP,SEASHELLS,2049.0,1
2789,162600,Paris,Charlie,KELP,SEASHELLS,2050.0,2
2798,163000,Camilla,Pablo,KELP,SEASHELLS,2047.0,3
2799,163000,Paris,Charlie,KELP,SEASHELLS,2050.0,1
2810,163800,Charlie,Paris,KELP,SEASHELLS,2047.0,1
2811,163800,Paris,Camilla,KELP,SEASHELLS,2049.0,1
2816,163900,Paris,Charlie,KELP,SEASHELLS,2050.0,2
2817,163900,Pablo,Charlie,KELP,SEASHELLS,2049.0,5
2821,164300,Paris,Charlie,KELP,SEASHELLS,2049.0,1
2826,164800,Paris,Charlie,KELP,SEASHELLS,2050.0,1
2829,165000,Charlie,Paris,KELP,SEASHELLS,2047.0,1
2834,165300,Penelope,Camilla,KELP,SEASHELLS,2049.0,1
2840,165800,Camilla,Paris,KELP,SEASHELLS,2047.0,1
2851,166500,Charlie,Penelope,KELP,SEASHELLS,2047.0,9
2854,166600,Charlie,Paris,KELP,SEASHELLS,2047.0,1
2861,167100,Charlie,Paris,KELP,SEASHELLS,2047.0,1
2867,167500,Paris,Camilla,KELP,SEASHELLS,2049.0,2
2870,167700,Camilla,Paris,KELP,SEASHELLS,2047.0,1
2886,168500,Charlie,Paris,KELP,SEASHELLS,2047.0,1
2891,168900,Charlie,Paris,KELP,SEASHELLS,2047.0,2
2902,169400,Paris,Charlie,KELP,SEASHELLS,2049.0,1
2906,169700,Penelope,Charlie,KELP,SEASHELLS,2050.0,13
2908,169800,Paris,Charlie,KELP,SEASHELLS,2050.0,2
2912,170100,Paris,Charlie,KELP,SEASHELLS,2050.0,2
2914,170300,Charlie,Pablo,KELP,SEASHELLS,2047.0,5
2918,170400,Camilla,Paris,KELP,SEASHELLS,2046.0,1
2921,170700,Charlie,Paris,KELP,SEASHELLS,2046.0,1
2931,171900,Pablo,Camilla,KELP,SEASHELLS,2048.0,1
2932,172000,Caesar,Penelope,KELP,SEASHELLS,2047.0,2
2933,172000,Charlie,Penelope,KELP,SEASHELLS,2047.0,6
2942,172300,Charlie,Penelope,KELP,SEASHELLS,2046.0,13
2947,172400,Charlie,Paris,KELP,SEASHELLS,2046.0,1
2949,172500,Charlie,Paris,KELP,SEASHELLS,2046.0,1
2958,172700,Caesar,Camilla,KELP,SEASHELLS,2048.0,3
2972,173100,Charlie,Paris,KELP,SEASHELLS,2047.0,1
2977,173300,Charlie,Paris,KELP,SEASHELLS,2047.0,1
2984,173400,Paris,Charlie,KELP,SEASHELLS,2049.0,1
2991,173600,Paris,Charlie,KELP,SEASHELLS,2049.0,1
2993,173900,Gina,Paris,KELP,SEASHELLS,2047.0,1
2994,173900,Gina,Charlie,KELP,SEASHELLS,2049.0,7
2999,174600,Paris,Camilla,KELP,SEASHELLS,2049.0,1
3001,174700,Charlie,Paris,KELP,SEASHELLS,2047.0,1
3004,174800,Charlie,Paris,KELP,SEASHELLS,2047.0,1
3008,175200,Charlie,Caesar,KELP,SEASHELLS,2048.0,2
3013,175300,Charlie,Paris,KELP,SEASHELLS,2047.0,1
3018,175500,Charlie,Gary,KELP,SEASHELLS,2047.0,9
3020,175800,Charlie,Paris,KELP,SEASHELLS,2047.0,1
3023,176200,Paris,Charlie,KELP,SEASHELLS,2050.0,1
3039,177000,Gary,Charlie,KELP,SEASHELLS,2050.0,11
3043,177700,Paris,Charlie,KELP,SEASHELLS,2049.0,1
3050,178100,Charlie,Paris,KELP,SEASHELLS,2047.0,1
3064,178700,Camilla,Paris,KELP,SEASHELLS,2047.0,1
3066,178800,Paris,Charlie,KELP,SEASHELLS,2050.0,2
3068,179100,Penelope,Charlie,KELP,SEASHELLS,2050.0,10
3072,179300,Caesar,Penelope,KELP,SEASHELLS,2047.0,2
3073,179300,Charlie,Penelope,KELP,SEASHELLS,2047.0,6
3088,179700,Charlie,Paris,KELP,SEASHELLS,2047.0,1
3091,179800,Paris,Charlie,KELP,SEASHELLS,2050.0,2
3100,180300,Paris,Charlie,KELP,SEASHELLS,2049.0,1
3106,180500,Penelope,Charlie,KELP,SEASHELLS,2050.0,7
3108,180600,Paris,Charlie,KELP,SEASHELLS,2050.0,1
3117,180900,Charlie,Paris,KELP,SEASHELLS,2047.0,1
3130,181700,Paris,Charlie,KELP,SEASHELLS,2050.0,1
3140,182300,Charlie,Pablo,KELP,SEASHELLS,2047.0,4
3147,182800,Charlie,Pablo,KELP,SEASHELLS,2047.0,5
3151,183000,Charlie,Gary,KELP,SEASHELLS,2047.0,11
3154,183200,Charlie,Paris,KELP,SEASHELLS,2047.0,1
3157,183300,Charlie,Paris,KELP,SEASHELLS,2047.0,1
3159,183400,Camilla,Paris,KELP,SEASHELLS,2047.0,1
3169,183800,Charlie,Paris,KELP,SEASHELLS,2047.0,1
3171,183900,Paris,Gina,KELP,SEASHELLS,2049.0,1
3172,183900,Charlie,Gina,KELP,SEASHELLS,2047.0,7
3173,183900,Charlie,Paris,KELP,SEASHELLS,2047.0,2
3177,184000,Paris,Camilla,KELP,SEASHELLS,2049.0,1
3194,184800,Paris,Charlie,KELP,SEASHELLS,2049.0,1
3205,185900,Paris,Charlie,KELP,SEASHELLS,2050.0,2
3209,186100,Paris,Camilla,KELP,SEASHELLS,2049.0,1
3212,186200,Charlie,Paris,KELP,SEASHELLS,2047.0,1
3223,186700,Paris,Penelope,KELP,SEASHELLS,2049.0,1
3225,186800,Paris,Charlie,KELP,SEASHELLS,2049.0,1
3228,187200,Pablo,Charlie,KELP,SEASHELLS,2049.0,2
3231,187500,Charlie,Caesar,KELP,SEASHELLS,2048.0,2
3240,187900,Camilla,Paris,KELP,SEASHELLS,2047.0,2
3243,188200,Paris,Pablo,KELP,SEASHELLS,2047.0,1
3244,188200,Charlie,Pablo,KELP,SEASHELLS,2047.0,4
3260,188600,Charlie,Paris,KELP,SEASHELLS,2047.0,1
3267,189100,Charlie,Paris,KELP,SEASHELLS,2047.0,2
3283,189600,Charlie,Pablo,KELP,SEASHELLS,2048.0,3
3285,189700,Paris,Charlie,KELP,SEASHELLS,2049.0,1
3288,189800,Paris,Charlie,KELP,SEASHELLS,2050.0,1
3290,189900,Paris,Camilla,KELP,SEASHELLS,2049.0,1
3292,190000,Penelope,Charlie,KELP,SEASHELLS,2050.0,15
3294,190200,Charlie,Paris,KELP,SEASHELLS,2047.0,1
3296,190300,Charlie,Paris,KELP,SEASHELLS,2047.0,1
3300,190600,Penelope,Charlie,KELP,SEASHELLS,2050.0,4
3303,190900,Paris,Camilla,KELP,SEASHELLS,2050.0,1
3335,192100,Charlie,Paris,KELP,SEASHELLS,2047.0,1
3337,192200,Gary,Charlie,KELP,SEASHELLS,2051.0,11
3342,192400,Penelope,Caesar,KELP,SEASHELLS,2050.0,1
3357,192900,Pablo,Gary,KELP,SEASHELLS,2049.0,3
3362,193000,Charlie,Pablo,KELP,SEASHELLS,2048.0,4
3374,193200,Paris,Camilla,KELP,SEASHELLS,2049.0,1
3385,194100,Charlie,Paris,KELP,SEASHELLS,2047.0,1
3387,194200,Paris,Charlie,KELP,SEASHELLS,2049.0,1
3396,194700,Paris,Charlie,KELP,SEASHELLS,2051.0,2
3400,194900,Charlie,Caesar,KELP,SEASHELLS,2048.0,3
3407,195700,Camilla,Paris,KELP,SEASHELLS,2047.0,1
3409,195800,Charlie,Paris,KELP,SEASHELLS,2047.0,1
3425,196400,Camilla,Pablo,KELP,SEASHELLS,2047.0,2
3426,196400,Charlie,Pablo,KELP,SEASHELLS,2047.0,3
3427,196400,Charlie,Paris,KELP,SEASHELLS,2047.0,1
3428,196400,Penelope,Charlie,KELP,SEASHELLS,2050.0,5
3433,196500,Charlie,Paris,KELP,SEASHELLS,2047.0,1
3441,197200,Charlie,Paris,KELP,SEASHELLS,2047.0,1
3449,197400,Charlie,Paris,KELP,SEASHELLS,2047.0,1
3463,198300,Charlie,Caesar,KELP,SEASHELLS,2048.0,6
3466,198400,Penelope,Charlie,KELP,SEASHELLS,2050.0,9
3471,198900,Paris,Camilla,KELP,SEASHELLS,2050.0,1
3474,199000,Paris,Caesar,KELP,SEASHELLS,2050.0,1
3478,199700,Paris,Charlie,KELP,SEASHELLS,2051.0,2
3490,200600,Caesar,Pablo,KELP,SEASHELLS,2048.0,2
3491,200600,Paris,Pablo,KELP,SEASHELLS,2048.0,2
3492,200600,Charlie,Pablo,KELP,SEASHELLS,2048.0,1
3506,201300,Charlie,Paris,KELP,SEASHELLS,2048.0,1
3517,201700,Paris,Camilla,KELP,SEASHELLS,2050.0,1
3518,201700,Paris,Camilla,KELP,SEASHELLS,2050.0,1
3526,202100,Camilla,Paris,KELP,SEASHELLS,2047.0,1
3532,202200,Pablo,Camilla,KELP,SEASHELLS,2049.0,2
3535,202300,Charlie,Paris,KELP,SEASHELLS,2047.0,1
3551,202800,Gina,Camilla,KELP,SEASHELLS,2049.0,1
3565,203300,Charlie,Paris,KELP,SEASHELLS,2047.0,1
3566,203300,Charlie,Pablo,KELP,SEASHELLS,2048.0,3
3576,203700,Paris,Charlie,KELP,SEASHELLS,2051.0,1
3586,205100,Charlie,Penelope,KELP,SEASHELLS,2047.0,9
3589,205300,Charlie,Paris,KELP,SEASHELLS,2047.0,1
3592,205400,Gina,Paris,KELP,SEASHELLS,2047.0,1
3596,205700,Paris,Charlie,KELP,SEASHELLS,2050.0,1
3610,206100,Paris,Charlie,KELP,SEASHELLS,2049.0,1
3616,206500,Paris,Charlie,KELP,SEASHELLS,2050.0,1
3623,206800,Paris,Camilla,KELP,SEASHELLS,2049.0,1
3624,206800,Charlie,Gary,KELP,SEASHELLS,2047.0,10
3628,207100,Paris,Paris,KELP,SEASHELLS,2049.0,1
3632,207200,Pablo,Caesar,KELP,SEASHELLS,2049.0,2
3633,207200,Pablo,Camilla,KELP,SEASHELLS,2049.0,3
3638,207300,Gary,Charlie,KELP,SEASHELLS,2050.0,8
3640,207500,Charlie,Gary,KELP,SEASHELLS,2047.0,12
3643,207600,Gary,Charlie,KELP,SEASHELLS,2051.0,12
3645,207700,Camilla,Paris,KELP,SEASHELLS,2048.0,1
3657,208600,Paris,Caesar,KELP,SEASHELLS,2050.0,1
3658,208600,Paris,Charlie,KELP,SEASHELLS,2050.0,1
3665,208700,Camilla,Gina,KELP,SEASHELLS,2048.0,1
3681,209500,Charlie,Paris,KELP,SEASHELLS,2047.0,1
3685,209600,Gary,Charlie,KELP,SEASHELLS,2051.0,12
3708,210700,Paris,Caesar,KELP,SEASHELLS,2049.0,1
3713,211100,Charlie,Paris,KELP,SEASHELLS,2047.0,1
3715,211200,Charlie,Paris,KELP,SEASHELLS,2047.0,2
3718,211300,Charlie,Gary,KELP,SEASHELLS,2047.0,15
3722,211500,Paris,Charlie,KELP,SEASHELLS,2049.0,1
3724,211700,Charlie,Paris,KELP,SEASHELLS,2047.0,1
3729,211800,Paris,Charlie,KELP,SEASHELLS,2049.0,1
3741,212200,Camilla,Gary,KELP,SEASHELLS,2047.0,6
3742,212200,Charlie,Gary,KELP,SEASHELLS,2047.0,9
3744,212300,Charlie,Paris,KELP,SEASHELLS,2047.0,1
3745,212300,Penelope,Pablo,KELP,SEASHELLS,2048.0,4
3746,212300,Penelope,Caesar,KELP,SEASHELLS,2048.0,2
3752,212500,Paris,Penelope,KELP,SEASHELLS,2049.0,1
3758,212900,Charlie,Paris,KELP,SEASHELLS,2047.0,1
3766,213100,Charlie,Paris,KELP,SEASHELLS,2047.0,1
3769,213200,Charlie,Paris,KELP,SEASHELLS,2047.0,1
3788,213600,Charlie,Paris,KELP,SEASHELLS,2047.0,1
3799,213900,Paris,Camilla,KELP,SEASHELLS,2049.0,1
3801,214100,Paris,Charlie,KELP,SEASHELLS,2049.0,1
3815,214800,Camilla,Penelope,KELP,SEASHELLS,2047.0,1
3816,214800,Charlie,Penelope,KELP,SEASHELLS,2047.0,8
3826,215600,Penelope,Charlie,KELP,SEASHELLS,2051.0,7
3832,216100,Charlie,Penelope,KELP,SEASHELLS,2047.0,8
3838,216600,Caesar,Paris,KELP,SEASHELLS,2047.0,1
3849,217400,Charlie,Paris,KELP,SEASHELLS,2047.0,1
3853,217600,Paris,Camilla,KELP,SEASHELLS,2049.0,1
3855,217700,Charlie,Paris,KELP,SEASHELLS,2047.0,1
3868,218100,Charlie,Paris,KELP,SEASHELLS,2047.0,1
3895,219000,Paris,Charlie,KELP,SEASHELLS,2050.0,1
3899,219100,Charlie,Gary,KELP,SEASHELLS,2047.0,12
3904,219400,Paris,Charlie,KELP,SEASHELLS,2049.0,1
3933,221000,Charlie,Gina,KELP,SEASHELLS,2047.0,7
3944,221300,Paris,Charlie,KELP,SEASHELLS,2050.0,1
3949,221800,Paris,Charlie,KELP,SEASHELLS,2050.0,1
3951,221900,Charlie,Paris,KELP,SEASHELLS,2047.0,1
3962,222400,Charlie,Paris,KELP,SEASHELLS,2047.0,1
3964,222500,Charlie,Paris,KELP,SEASHELLS,2047.0,2
3966,222700,Charlie,Paris,KELP,SEASHELLS,2047.0,1
3971,223100,Pablo,Paris,KELP,SEASHELLS,2049.0,1
3972,223100,Pablo,Camilla,KELP,SEASHELLS,2049.0,3
3975,223300,Camilla,Paris,KELP,SEASHELLS,2047.0,1
3981,223400,Paris,Caesar,KELP,SEASHELLS,2050.0,1
3989,223700,Charlie,Paris,KELP,SEASHELLS,2047.0,1
3990,223700,Paris,Charlie,KELP,SEASHELLS,2051.0,2
4008,224400,Caesar,Penelope,KELP,SEASHELLS,2048.0,2
4009,224400,Charlie,Penelope,KELP,SEASHELLS,2048.0,6
4011,224500,Paris,Charlie,KELP,SEASHELLS,2050.0,1
4024,225200,Charlie,Gina,KELP,SEASHELLS,2047.0,10
4031,225400,Charlie,Paris,KELP,SEASHELLS,2047.0,2
4041,226300,Charlie,Penelope,KELP,SEASHELLS,2047.0,13
4049,226800,Charlie,Paris,KELP,SEASHELLS,2047.0,1
4054,227100,Charlie,Paris,KELP,SEASHELLS,2047.0,1
4055,227100,Charlie,Gary,KELP,SEASHELLS,2047.0,9
4058,227300,Charlie,Paris,KELP,SEASHELLS,2047.0,1
4078,228800,Charlie,Paris,KELP,SEASHELLS,2047.0,1
4086,229600,Pablo,Camilla,KELP,SEASHELLS,2049.0,1
4088,229700,Charlie,Paris,KELP,SEASHELLS,2047.0,1
4101,230000,Charlie,Paris,KELP,SEASHELLS,2048.0,1
4104,230200,Charlie,Paris,KELP,SEASHELLS,2047.0,1
4108,230800,Charlie,Paris,KELP,SEASHELLS,2048.0,1
4111,231100,Charlie,Pablo,KELP,SEASHELLS,2049.0,5
4114,231200,Paris,Charlie,KELP,SEASHELLS,2051.0,1
4132,231700,Charlie,Pablo,KELP,SEASHELLS,2048.0,2
4150,232700,Charlie,Paris,KELP,SEASHELLS,2048.0,1
4151,232800,Charlie,Caesar,KELP,SEASHELLS,2049.0,4
4156,233000,Paris,Charlie,KELP,SEASHELLS,2050.0,1
4160,233500,Paris,Charlie,KELP,SEASHELLS,2050.0,1
4165,234100,Paris,Charlie,KELP,SEASHELLS,2051.0,2
4170,234300,Paris,Charlie,KELP,SEASHELLS,2051.0,1
4186,235000,Paris,Charlie,KELP,SEASHELLS,2051.0,2
4190,235400,Paris,Charlie,KELP,SEASHELLS,2051.0,1
4193,235800,Paris,Charlie,KELP,SEASHELLS,2050.0,1
4200,236100,Charlie,Paris,KELP,SEASHELLS,2048.0,1
4202,236300,Charlie,Paris,KELP,SEASHELLS,2048.0,1
4210,236600,Paris,Camilla,KELP,SEASHELLS,2050.0,1
4235,237500,Paris,Charlie,KELP,SEASHELLS,2051.0,1
4248,238300,Caesar,Paris,KELP,SEASHELLS,2049.0,2
4256,238800,Pablo,Charlie,KELP,SEASHELLS,2050.0,5
4257,238900,Charlie,Paris,KELP,SEASHELLS,2048.0,1
4294,240100,Gary,Charlie,KELP,SEASHELLS,2051.0,13
4297,240200,Charlie,Pablo,KELP,SEASHELLS,2048.0,4
4304,240300,Camilla,Paris,KELP,SEASHELLS,2048.0,1
4322,240900,Paris,Camilla,KELP,SEASHELLS,2050.0,1
4327,241300,Paris,Charlie,KELP,SEASHELLS,2051.0,1
4329,241400,Camilla,Paris,KELP,SEASHELLS,2048.0,1
4331,241500,Charlie,Caesar,KELP,SEASHELLS,2049.0,4
4334,241900,Camilla,Paris,KELP,SEASHELLS,2048.0,1
4343,242300,Charlie,Pablo,KELP,SEASHELLS,2048.0,2
4348,242600,Charlie,Pablo,KELP,SEASHELLS,2048.0,3
4352,243000,Caesar,Paris,KELP,SEASHELLS,2048.0,1
4353,243000,Paris,Camilla,KELP,SEASHELLS,2049.0,2
4357,243100,Gary,Charlie,KELP,SEASHELLS,2051.0,8
4359,243200,Gina,Charlie,KELP,SEASHELLS,2050.0,7
4370,243900,Charlie,Paris,KELP,SEASHELLS,2048.0,2
4376,244100,Charlie,Gary,KELP,SEASHELLS,2048.0,14
4387,244300,Charlie,Pablo,KELP,SEASHELLS,2048.0,5
4392,244900,Paris,Caesar,KELP,SEASHELLS,2051.0,1
4404,245300,Charlie,Paris,KELP,SEASHELLS,2048.0,2
4410,246100,Paris,Charlie,KELP,SEASHELLS,2051.0,2
4438,247500,Charlie,Penelope,KELP,SEASHELLS,2048.0,7
4440,247600,Paris,Charlie,KELP,SEASHELLS,2051.0,1
4454,248800,Charlie,Paris,KELP,SEASHELLS,2049.0,2
4468,249200,Charlie,Paris,KELP,SEASHELLS,2049.0,2
4472,249300,Charlie,Paris,KELP,SEASHELLS,2049.0,1
4475,249500,Camilla,Paris,KELP,SEASHELLS,2049.0,1
4477,249600,Paris,Charlie,KELP,SEASHELLS,2052.0,2
4479,249700,Charlie,Caesar,KELP,SEASHELLS,2050.0,5
4483,249900,Paris,Camilla,KELP,SEASHELLS,2051.0,1
4484,249900,Gina,Paris,KELP,SEASHELLS,2051.0,1
4485,249900,Gina,Charlie,KELP,SEASHELLS,2051.0,9
4492,250100,Charlie,Paris,KELP,SEASHELLS,2049.0,1
4502,250400,Charlie,Paris,KELP,SEASHELLS,2049.0,1
4503,250400,Charlie,Gary,KELP,SEASHELLS,2049.0,15
4521,251300,Paris,Camilla,KELP,SEASHELLS,2051.0,1
4524,251400,Charlie,Pablo,KELP,SEASHELLS,2049.0,3
4525,251400,Charlie,Paris,KELP,SEASHELLS,2049.0,1
4526,251400,Charlie,Penelope,KELP,SEASHELLS,2049.0,6
4534,251600,Paris,Charlie,KELP,SEASHELLS,2051.0,1
4537,251900,Charlie,Paris,KELP,SEASHELLS,2049.0,1
4541,252600,Camilla,Paris,KELP,SEASHELLS,2049.0,1
4555,253000,Charlie,Caesar,KELP,SEASHELLS,2050.0,2
4565,253500,Charlie,Paris,KELP,SEASHELLS,2049.0,1
4568,253700,Gina,Camilla,KELP,SEASHELLS,2050.0,4
4574,254000,Gary,Charlie,KELP,SEASHELLS,2052.0,10
4576,254200,Paris,Charlie,KELP,SEASHELLS,2052.0,1
4579,254300,Charlie,Gina,KELP,SEASHELLS,2049.0,7
4582,254700,Paris,Caesar,KELP,SEASHELLS,2051.0,2
4585,254900,Paris,Gina,KELP,SEASHELLS,2051.0,1
4586,254900,Pablo,Gina,KELP,SEASHELLS,2050.0,3
4587,254900,Charlie,Gina,KELP,SEASHELLS,2049.0,5
4593,255100,Pablo,Camilla,KELP,SEASHELLS,2050.0,1
4597,255600,Pablo,Paris,KELP,SEASHELLS,2050.0,1
4598,255600,Pablo,Paris,KELP,SEASHELLS,2050.0,2
4607,256200,Charlie,Paris,KELP,SEASHELLS,2049.0,1
4616,257100,Charlie,Paris,KELP,SEASHELLS,2048.0,1
4617,257100,Charlie,Paris,KELP,SEASHELLS,2049.0,1
4625,257700,Paris,Charlie,KELP,SEASHELLS,2052.0,1
4642,258400,Charlie,Paris,KELP,SEASHELLS,2049.0,1
4645,258500,Paris,Camilla,KELP,SEASHELLS,2051.0,1
4668,259800,Charlie,Paris,KELP,SEASHELLS,2048.0,1
4674,260300,Paris,Camilla,KELP,SEASHELLS,2050.0,1
4688,260600,Charlie,Paris,KELP,SEASHELLS,2048.0,1
4689,260600,Charlie,Penelope,KELP,SEASHELLS,2048.0,4
4690,260600,Charlie,Caesar,KELP,SEASHELLS,2049.0,4
4700,261000,Paris,Charlie,KELP,SEASHELLS,2050.0,1
4706,261200,Charlie,Pablo,KELP,SEASHELLS,2048.0,3
4711,261500,Paris,Charlie,KELP,SEASHELLS,2050.0,1
4714,261800,Gary,Camilla,KELP,SEASHELLS,2050.0,5
4728,262200,Paris,Camilla,KELP,SEASHELLS,2050.0,1
4729,262200,Charlie,Penelope,KELP,SEASHELLS,2048.0,5
4741,262800,Paris,Charlie,KELP,SEASHELLS,2051.0,1
4745,263100,Paris,Charlie,KELP,SEASHELLS,2050.0,1
4762,264100,Paris,Charlie,KELP,SEASHELLS,2050.0,1
4766,264300,Caesar,Paris,KELP,SEASHELLS,2049.0,1
4771,264800,Paris,Charlie,KELP,SEASHELLS,2051.0,1
4774,265100,Caesar,Paris,KELP,SEASHELLS,2048.0,1
4787,265500,Charlie,Paris,KELP,SEASHELLS,2048.0,1
4795,265800,Paris,Charlie,KELP,SEASHELLS,2050.0,1
4800,266000,Charlie,Caesar,KELP,SEASHELLS,2049.0,5
4811,266400,Charlie,Paris,KELP,SEASHELLS,2048.0,1
4819,266600,Camilla,Penelope,KELP,SEASHELLS,2048.0,7
4820,266600,Charlie,Penelope,KELP,SEASHELLS,2048.0,4
4834,267200,Paris,Camilla,KELP,SEASHELLS,2050.0,1
4841,267700,Gary,Charlie,KELP,SEASHELLS,2051.0,10
4878,269100,Charlie,Paris,KELP,SEASHELLS,2047.0,1
4891,269300,Paris,Gina,KELP,SEASHELLS,2049.0,1
4892,269300,Charlie,Gina,KELP,SEASHELLS,2047.0,7
4896,269600,Charlie,Caesar,KELP,SEASHELLS,2048.0,4
4907,270300,Charlie,Paris,KELP,SEASHELLS,2047.0,1
4914,271000,Caesar,Paris,KELP,SEASHELLS,2047.0,1
4929,271600,Charlie,Gina,KELP,SEASHELLS,2047.0,7
4934,271900,Camilla,Penelope,KELP,SEASHELLS,2047.0,5
4935,271900,Charlie,Penelope,KELP,SEASHELLS,2047.0,6
4939,272000,Camilla,Gina,KELP,SEASHELLS,2047.0,8
4945,272900,Charlie,Paris,KELP,SEASHELLS,2047.0,1
4953,273300,Camilla,Paris,KELP,SEASHELLS,2048.0,1
4960,273800,Charlie,Penelope,KELP,SEASHELLS,2047.0,5
4989,274900,Charlie,Penelope,KELP,SEASHELLS,2047.0,14
4998,275400,Caesar,Paris,KELP,SEASHELLS,2047.0,1
5007,275800,Paris,Charlie,KELP,SEASHELLS,2050.0,2
5012,276300,Charlie,Paris,KELP,SEASHELLS,2047.0,1
5030,276900,Caesar,Paris,KELP,SEASHELLS,2048.0,1
5045,278000,Gary,Charlie,KELP,SEASHELLS,2051.0,15
5049,278200,Paris,Charlie,KELP,SEASHELLS,2050.0,1
5051,278400,Pablo,Caesar,KELP,SEASHELLS,2049.0,2
5057,278600,Caesar,Paris,KELP,SEASHELLS,2048.0,1
5068,279200,Paris,Charlie,KELP,SEASHELLS,2050.0,1
5072,279400,Caesar,Paris,KELP,SEASHELLS,2048.0,1
5073,279400,Charlie,Paris,KELP,SEASHELLS,2047.0,1
5076,279500,Charlie,Paris,KELP,SEASHELLS,2048.0,1
5079,279800,Camilla,Paris,KELP,SEASHELLS,2048.0,1
5081,280100,Paris,Camilla,KELP,SEASHELLS,2050.0,1
5083,280200,Gary,Camilla,KELP,SEASHELLS,2050.0,6
5098,280900,Charlie,Paris,KELP,SEASHELLS,2048.0,1
5100,281000,Paris,Camilla,KELP,SEASHELLS,2050.0,1
5103,281100,Charlie,Paris,KELP,SEASHELLS,2048.0,1
5107,281500,Penelope,Charlie,KELP,SEASHELLS,2051.0,6
5112,281800,Charlie,Paris,KELP,SEASHELLS,2047.0,2
5113,281800,Charlie,Caesar,KELP,SEASHELLS,2048.0,6
5120,282300,Paris,Charlie,KELP,SEASHELLS,2051.0,2
5134,283800,Camilla,Pablo,KELP,SEASHELLS,2048.0,2
5137,283900,Camilla,Paris,KELP,SEASHELLS,2048.0,1
5141,284100,Charlie,Gary,KELP,SEASHELLS,2047.0,15
5142,284100,Charlie,Gina,KELP,SEASHELLS,2048.0,7
5146,284300,Charlie,Paris,KELP,SEASHELLS,2048.0,1
5150,284700,Charlie,Paris,KELP,SEASHELLS,2048.0,1
5176,285500,Pablo,Gary,KELP,SEASHELLS,2049.0,3
5180,285600,Pablo,Camilla,KELP,SEASHELLS,2050.0,3
5181,285700,Paris,Charlie,KELP,SEASHELLS,2050.0,1
5187,286200,Charlie,Paris,KELP,SEASHELLS,2048.0,1
5190,286500,Charlie,Caesar,KELP,SEASHELLS,2049.0,2
5201,287400,Paris,Charlie,KELP,SEASHELLS,2050.0,1
5203,287500,Charlie,Paris,KELP,SEASHELLS,2048.0,1
5205,287600,Paris,Camilla,KELP,SEASHELLS,2050.0,1
5210,287900,Charlie,Paris,KELP,SEASHELLS,2048.0,1
5212,288000,Paris,Camilla,KELP,SEASHELLS,2050.0,1
5214,288300,Charlie,Caesar,KELP,SEASHELLS,2049.0,2
5216,288400,Charlie,Paris,KELP,SEASHELLS,2048.0,1
5220,288600,Gary,Charlie,KELP,SEASHELLS,2051.0,13
5232,289400,Charlie,Paris,KELP,SEASHELLS,2048.0,1
5244,290800,Charlie,Paris,KELP,SEASHELLS,2048.0,1
5253,291500,Penelope,Charlie,KELP,SEASHELLS,2051.0,7
5271,292300,Caesar,Paris,KELP,SEASHELLS,2048.0,1
5274,292400,Paris,Charlie,KELP,SEASHELLS,2050.0,1
5277,292700,Paris,Charlie,KELP,SEASHELLS,2051.0,2
5288,293500,Charlie,Pablo,KELP,SEASHELLS,2048.0,3
5290,293600,Paris,Charlie,KELP,SEASHELLS,2051.0,1
5304,294100,Camilla,Paris,KELP,SEASHELLS,2048.0,1
5309,294500,Charlie,Paris,KELP,SEASHELLS,2047.0,1
5310,294500,Charlie,Paris,KELP,SEASHELLS,2047.0,1
5315,294700,Charlie,Penelope,KELP,SEASHELLS,2048.0,15
5320,295100,Gary,Charlie,KELP,SEASHELLS,2051.0,14
5332,295200,Paris,Charlie,KELP,SEASHELLS,2051.0,2
5333,295200,Paris,Charlie,KELP,SEASHELLS,2050.0,1
5340,295400,Paris,Charlie,KELP,SEASHELLS,2051.0,2
5342,295500,Penelope,Charlie,KELP,SEASHELLS,2051.0,13
5347,296000,Paris,Camilla,KELP,SEASHELLS,2050.0,1
5350,296100,Charlie,Paris,KELP,SEASHELLS,2048.0,1
5360,296700,Paris,Camilla,KELP,SEASHELLS,2050.0,1
5363,296800,Charlie,Paris,KELP,SEASHELLS,2048.0,1
5372,297100,Paris,Charlie,KELP,SEASHELLS,2051.0,2
5374,297200,Gary,Charlie,KELP,SEASHELLS,2051.0,12
5386,298100,Charlie,Paris,KELP,SEASHELLS,2048.0,1
5394,298600,Camilla,Paris,KELP,SEASHELLS,2048.0,1
5396,298700,Camilla,Penelope,KELP,SEASHELLS,2048.0,3
5397,298700,Charlie,Penelope,KELP,SEASHELLS,2048.0,12
5398,298700,Camilla,Paris,KELP,SEASHELLS,2048.0,0
5399,298700,Charlie,Paris,KELP,SEASHELLS,2048.0,1
5405,298900,Charlie,Paris,KELP,SEASHELLS,2048.0,1
5423,299600,Penelope,Caesar,KELP,SEASHELLS,2049.0,4
5426,299700,Charlie,Paris,KELP,SEASHELLS,2048.0,1
5428,299800,Paris,Charlie,KELP,SEASHELLS,2051.0,1
5435,300200,Charlie,Paris,KELP,SEASHELLS,2048.0,1
5436,300200,Penelope,Charlie,KELP,SEASHELLS,2051.0,6
5444,301000,Camilla,Paris,KELP,SEASHELLS,2048.0,1
5448,301100,Gary,Charlie,KELP,SEASHELLS,2051.0,15
5449,301100,Paris,Charlie,KELP,SEASHELLS,2051.0,2
5452,301200,Charlie,Paris,KELP,SEASHELLS,2048.0,1
5453,301200,Charlie,Paris,KELP,SEASHELLS,2048.0,2
5460,301600,Gary,Charlie,KELP,SEASHELLS,2051.0,12
5461,301600,Charlie,Paris,KELP,SEASHELLS,2048.0,2
5466,301800,Paris,Charlie,KELP,SEASHELLS,2050.0,1
5496,303800,Caesar,Gina,KELP,SEASHELLS,2048.0,6
5497,303800,Camilla,Gina,KELP,SEASHELLS,2048.0,1
5498,303800,Paris,Charlie,KELP,SEASHELLS,2051.0,2
5505,304400,Paris,Paris,KELP,SEASHELLS,2050.0,1
5507,304500,Paris,Charlie,KELP,SEASHELLS,2051.0,2
5509,304600,Charlie,Pablo,KELP,SEASHELLS,2048.0,2
5510,304600,Charlie,Paris,KELP,SEASHELLS,2048.0,1
5515,305100,Paris,Charlie,KELP,SEASHELLS,2051.0,2
5521,305200,Paris,Charlie,KELP,SEASHELLS,2050.0,1
5528,305300,Charlie,Paris,KELP,SEASHELLS,2048.0,1
5530,305400,Paris,Penelope,KELP,SEASHELLS,2050.0,1
5542,305600,Camilla,Paris,KELP,SEASHELLS,2048.0,1
5544,305700,Charlie,Paris,KELP,SEASHELLS,2048.0,1
5553,306300,Camilla,Paris,KELP,SEASHELLS,2049.0,1
5559,306700,Paris,Camilla,KELP,SEASHELLS,2051.0,1
5575,307300,Charlie,Paris,KELP,SEASHELLS,2048.0,1
5576,307300,Charlie,Paris,KELP,SEASHELLS,2048.0,2
5580,307500,Paris,Camilla,KELP,SEASHELLS,2050.0,1
5608,308400,Charlie,Pablo,KELP,SEASHELLS,2049.0,5
5614,308600,Paris,Charlie,KELP,SEASHELLS,2051.0,2
5624,309200,Charlie,Pablo,KELP,SEASHELLS,2049.0,4
5645,309800,Charlie,Paris,KELP,SEASHELLS,2048.0,1
5661,311000,Gary,Caesar,KELP,SEASHELLS,2051.0,1
5664,311200,Paris,Charlie,KELP,SEASHELLS,2051.0,2
5667,311400,Charlie,Paris,KELP,SEASHELLS,2048.0,1
5674,312100,Paris,Charlie,KELP,SEASHELLS,2051.0,2
5679,312700,Charlie,Paris,KELP,SEASHELLS,2048.0,1
5695,313700,Charlie,Gina,KELP,SEASHELLS,2049.0,8
5701,314500,Charlie,Paris,KELP,SEASHELLS,2048.0,2
5715,314900,Paris,Gina,KELP,SEASHELLS,2051.0,1
5716,314900,Paris,Gina,KELP,SEASHELLS,2049.0,2
5723,315200,Charlie,Paris,KELP,SEASHELLS,2048.0,2
5733,315400,Caesar,Paris,KELP,SEASHELLS,2049.0,1
5739,315600,Charlie,Penelope,KELP,SEASHELLS,2049.0,10
5747,316000,Paris,Charlie,KELP,SEASHELLS,2051.0,1
5758,316400,Charlie,Paris,KELP,SEASHELLS,2049.0,1
5766,316900,Charlie,Paris,KELP,SEASHELLS,2049.0,1
5785,317300,Charlie,Paris,KELP,SEASHELLS,2048.0,1
5789,317400,Charlie,Pablo,KELP,SEASHELLS,2049.0,2
5809,317800,Charlie,Paris,KELP,SEASHELLS,2048.0,1
5822,318900,Camilla,Paris,KELP,SEASHELLS,2048.0,1
5830,319600,Charlie,Paris,KELP,SEASHELLS,2048.0,1
5832,319700,Charlie,Paris,KELP,SEASHELLS,2048.0,1
5838,320000,Paris,Charlie,KELP,SEASHELLS,2051.0,2
5860,320600,Charlie,Paris,KELP,SEASHELLS,2048.0,1
5861,320600,Charlie,Paris,KELP,SEASHELLS,2048.0,2
5882,321400,Charlie,Paris,KELP,SEASHELLS,2048.0,1
5884,321600,Charlie,Paris,KELP,SEASHELLS,2048.0,1
5899,322200,Camilla,Paris,KELP,SEASHELLS,2048.0,1
5904,322500,Paris,Caesar,KELP,SEASHELLS,2051.0,1
5916,322600,Charlie,Caesar,KELP,SEASHELLS,2049.0,2
5918,322800,Charlie,Gina,KELP,SEASHELLS,2049.0,7
5922,323300,Charlie,Paris,KELP,SEASHELLS,2048.0,1
5930,323800,Charlie,Paris,KELP,SEASHELLS,2048.0,1
5938,324000,Gary,Charlie,KELP,SEASHELLS,2051.0,15
5941,324100,Penelope,Charlie,KELP,SEASHELLS,2051.0,11
5945,324300,Paris,Charlie,KELP,SEASHELLS,2050.0,1
5947,324400,Paris,Camilla,KELP,SEASHELLS,2050.0,2
5951,325200,Charlie,Pablo,KELP,SEASHELLS,2048.0,3
5955,325300,Camilla,Paris,KELP,SEASHELLS,2048.0,1
5962,326000,Charlie,Caesar,KELP,SEASHELLS,2049.0,2
5967,326300,Gary,Charlie,KELP,SEASHELLS,2051.0,11
5969,326500,Paris,Pablo,KELP,SEASHELLS,2048.0,1
5970,326500,Camilla,Pablo,KELP,SEASHELLS,2048.0,1
5971,326500,Charlie,Pablo,KELP,SEASHELLS,2048.0,1
5977,326900,Charlie,Paris,KELP,SEASHELLS,2048.0,2
5989,327300,Charlie,Paris,KELP,SEASHELLS,2048.0,1
5998,328000,Paris,Camilla,KELP,SEASHELLS,2050.0,1
6004,328500,Camilla,Paris,KELP,SEASHELLS,2049.0,1
6027,329600,Pablo,Paris,KELP,SEASHELLS,2050.0,1
6033,329900,Charlie,Penelope,KELP,SEASHELLS,2048.0,13
6037,330300,Charlie,Paris,KELP,SEASHELLS,2048.0,1
6041,330400,Camilla,Penelope,KELP,SEASHELLS,2049.0,3
6046,330700,Charlie,Penelope,KELP,SEASHELLS,2048.0,13
6050,330900,Charlie,Paris,KELP,SEASHELLS,2048.0,1
6052,331000,Paris,Pablo,KELP,SEASHELLS,2049.0,1
6053,331000,Charlie,Pablo,KELP,SEASHELLS,2049.0,4
6065,331300,Charlie,Paris,KELP,SEASHELLS,2048.0,2
6078,331900,Paris,Charlie,KELP,SEASHELLS,2050.0,1
6083,332100,Camilla,Paris,KELP,SEASHELLS,2048.0,1
6084,332100,Paris,Charlie,KELP,SEASHELLS,2051.0,2
6100,332600,Paris,Pablo,KELP,SEASHELLS,2048.0,1
6101,332600,Charlie,Pablo,KELP,SEASHELLS,2048.0,3
6113,332800,Charlie,Paris,KELP,SEASHELLS,2048.0,1
6125,334000,Camilla,Pablo,KELP,SEASHELLS,2048.0,4
6126,334000,Camilla,Paris,KELP,SEASHELLS,2048.0,1
6127,334000,Charlie,Paris,KELP,SEASHELLS,2048.0,0
6138,334500,Camilla,Paris,KELP,SEASHELLS,2048.0,1
6140,334600,Charlie,Paris,KELP,SEASHELLS,2047.0,2
6145,334900,Caesar,Penelope,KELP,SEASHELLS,2048.0,2
6146,334900,Charlie,Penelope,KELP,SEASHELLS,2048.0,5
6149,335100,Paris,Charlie,KELP,SEASHELLS,2050.0,1
6165,335500,Penelope,Camilla,KELP,SEASHELLS,2049.0,7
6176,336500,Paris,Charlie,KELP,SEASHELLS,2051.0,1
6181,336800,Penelope,Charlie,KELP,SEASHELLS,2051.0,10
6183,336900,Charlie,Pablo,KELP,SEASHELLS,2048.0,4
6190,337300,Gary,Charlie,KELP,SEASHELLS,2051.0,13
6191,337300,Penelope,Charlie,KELP,SEASHELLS,2051.0,5
6195,337700,Charlie,Camilla,KELP,SEASHELLS,2049.0,1
6199,338100,Charlie,Paris,KELP,SEASHELLS,2048.0,1
6211,338200,Charlie,Paris,KELP,SEASHELLS,2048.0,1
6216,338900,Penelope,Charlie,KELP,SEASHELLS,2051.0,6
6219,339100,Paris,Camilla,KELP,SEASHELLS,2050.0,1
6220,339100,Charlie,Camilla,KELP,SEASHELLS,2049.0,1
6224,339400,Paris,Camilla,KELP,SEASHELLS,2050.0,1
6225,339400,Pablo,Camilla,KELP,SEASHELLS,2049.0,4
6228,340100,Paris,Charlie,KELP,SEASHELLS,2051.0,1
6234,340200,Paris,Camilla,KELP,SEASHELLS,2049.0,2
6238,340700,Penelope,Charlie,KELP,SEASHELLS,2051.0,8
6242,341200,Camilla,Penelope,KELP,SEASHELLS,2048.0,8
6243,341200,Charlie,Penelope,KELP,SEASHELLS,2048.0,1
6264,342500,Paris,Charlie,KELP,SEASHELLS,2051.0,1
6267,342800,Paris,Charlie,KELP,SEASHELLS,2049.0,1
6285,343600,Charlie,Paris,KELP,SEASHELLS,2047.0,2
6291,343800,Charlie,Paris,KELP,SEASHELLS,2047.0,1
6299,343900,Paris,Paris,KELP,SEASHELLS,2049.0,1
6307,344900,Caesar,Paris,KELP,SEASHELLS,2048.0,1
6322,345700,Penelope,Charlie,KELP,SEASHELLS,2051.0,4
6334,345800,Charlie,Paris,KELP,SEASHELLS,2048.0,1
6343,346600,Charlie,Penelope,KELP,SEASHELLS,2048.0,4
6346,346900,Paris,Charlie,KELP,SEASHELLS,2051.0,2
6355,347500,Paris,Charlie,KELP,SEASHELLS,2052.0,2
6356,347500,Paris,Charlie,KELP,SEASHELLS,2051.0,1
6359,347700,Charlie,Gina,KELP,SEASHELLS,2049.0,9
6366,347800,Penelope,Charlie,KELP,SEASHELLS,2052.0,6
6375,348300,Charlie,Paris,KELP,SEASHELLS,2048.0,1
6381,348800,Camilla,Pablo,KELP,SEASHELLS,2049.0,5
6388,349400,Pablo,Camilla,KELP,SEASHELLS,2050.0,2
6389,349400,Paris,Charlie,KELP,SEASHELLS,2052.0,2
6399,349600,Paris,Penelope,KELP,SEASHELLS,2050.0,1
6401,349700,Charlie,Paris,KELP,SEASHELLS,2048.0,1
6423,350100,Paris,Caesar,KELP,SEASHELLS,2051.0,1
6429,350300,Charlie,Paris,KELP,SEASHELLS,2048.0,1
6445,351100,Charlie,Paris,KELP,SEASHELLS,2048.0,1
6448,351200,Paris,Camilla,KELP,SEASHELLS,2050.0,1
6461,351900,Penelope,Caesar,KELP,SEASHELLS,2051.0,2
6463,352000,Charlie,Paris,KELP,SEASHELLS,2048.0,1
6465,352200,Pablo,Charlie,KELP,SEASHELLS,2050.0,4
6467,352300,Caesar,Paris,KELP,SEASHELLS,2049.0,1
6470,352400,Charlie,Paris,KELP,SEASHELLS,2048.0,1
6471,352500,Camilla,Paris,KELP,SEASHELLS,2048.0,1
6473,352800,Camilla,Paris,KELP,SEASHELLS,2048.0,1
6475,352900,Camilla,Paris,KELP,SEASHELLS,2048.0,2
6503,354000,Paris,Camilla,KELP,SEASHELLS,2050.0,2
6518,354200,Camilla,Penelope,KELP,SEASHELLS,2048.0,4
6519,354200,Charlie,Penelope,KELP,SEASHELLS,2048.0,2
6520,354200,Paris,Charlie,KELP,SEASHELLS,2051.0,1
6531,354300,Charlie,Paris,KELP,SEASHELLS,2048.0,1
6535,354600,Charlie,Pablo,KELP,SEASHELLS,2048.0,4
6537,354700,Camilla,Paris,KELP,SEASHELLS,2048.0,1
6539,354800,Paris,Charlie,KELP,SEASHELLS,2050.0,1
6543,354900,Paris,Charlie,KELP,SEASHELLS,2051.0,1
6546,355200,Charlie,Paris,KELP,SEASHELLS,2048.0,1
6550,355400,Charlie,Paris,KELP,SEASHELLS,2048.0,1
6552,355500,Charlie,Paris,KELP,SEASHELLS,2048.0,2
6575,356000,Charlie,Gina,KELP,SEASHELLS,2048.0,10
6588,356700,Paris,Charlie,KELP,SEASHELLS,2050.0,1
6591,356800,Caesar,Paris,KELP,SEASHELLS,2048.0,1
6592,356800,Charlie,Paris,KELP,SEASHELLS,2048.0,1
6601,357100,Paris,Camilla,KELP,SEASHELLS,2050.0,1
6610,357500,Paris,Camilla,KELP,SEASHELLS,2050.0,1
6614,357600,Charlie,Paris,KELP,SEASHELLS,2048.0,1
6623,358400,Camilla,Penelope,KELP,SEASHELLS,2048.0,4
6624,358400,Charlie,Penelope,KELP,SEASHELLS,2048.0,2
6649,358800,Paris,Charlie,KELP,SEASHELLS,2050.0,1
6652,358900,Charlie,Penelope,KELP,SEASHELLS,2048.0,4
6659,359300,Charlie,Gary,KELP,SEASHELLS,2048.0,11
6661,359400,Penelope,Charlie,KELP,SEASHELLS,2051.0,10
6663,359500,Charlie,Pablo,KELP,SEASHELLS,2048.0,2
6673,359700,Charlie,Paris,KELP,SEASHELLS,2048.0,1
6675,359800,Charlie,Paris,KELP,SEASHELLS,2048.0,1
6688,360800,Paris,Charlie,KELP,SEASHELLS,2050.0,1
6692,361400,Penelope,Charlie,KELP,SEASHELLS,2051.0,5
6700,362100,Caesar,Pablo,KELP,SEASHELLS,2048.0,2
6701,362100,Charlie,Pablo,KELP,SEASHELLS,2048.0,3
6705,362200,Caesar,Paris,KELP,SEASHELLS,2048.0,1
6706,362200,Charlie,Paris,KELP,SEASHELLS,2048.0,1
6721,362600,Paris,Charlie,KELP,SEASHELLS,2050.0,1
6726,362700,Charlie,Paris,KELP,SEASHELLS,2048.0,1
6740,363100,Paris,Charlie,KELP,SEASHELLS,2051.0,1
6743,363200,Caesar,Paris,KELP,SEASHELLS,2048.0,2
6745,363300,Gary,Charlie,KELP,SEASHELLS,2051.0,14
6755,363600,Paris,Pablo,KELP,SEASHELLS,2048.0,1
6756,363600,Charlie,Pablo,KELP,SEASHELLS,2048.0,4
6762,364100,Charlie,Paris,KELP,SEASHELLS,2048.0,1
6763,364100,Gary,Charlie,KELP,SEASHELLS,2051.0,12
6772,364200,Charlie,Paris,KELP,SEASHELLS,2048.0,1
6777,364300,Charlie,Paris,KELP,SEASHELLS,2048.0,1
6783,364600,Charlie,Paris,KELP,SEASHELLS,2047.0,1
6785,364700,Charlie,Paris,KELP,SEASHELLS,2047.0,1
6788,364900,Charlie,Paris,KELP,SEASHELLS,2047.0,1
6790,365000,Gary,Charlie,KELP,SEASHELLS,2051.0,14
6794,365100,Camilla,Gina,KELP,SEASHELLS,2048.0,8
6796,365400,Charlie,Paris,KELP,SEASHELLS,2047.0,2
6799,365500,Paris,Charlie,KELP,SEASHELLS,2049.0,1
6804,365900,Charlie,Paris,KELP,SEASHELLS,2047.0,1
6808,366100,Charlie,Paris,KELP,SEASHELLS,2047.0,1
6809,366100,Paris,Charlie,KELP,SEASHELLS,2051.0,1
6812,366200,Charlie,Paris,KELP,SEASHELLS,2047.0,1
6817,366300,Pablo,Camilla,KELP,SEASHELLS,2049.0,5
6825,366700,Charlie,Paris,KELP,SEASHELLS,2047.0,1
6830,367000,Charlie,Pablo,KELP,SEASHELLS,2048.0,4
6833,367100,Paris,Charlie,KELP,SEASHELLS,2049.0,1
6836,367200,Charlie,Pablo,KELP,SEASHELLS,2048.0,2
6838,367300,Charlie,Paris,KELP,SEASHELLS,2047.0,1
6839,367300,Paris,Charlie,KELP,SEASHELLS,2050.0,2
6844,367500,Charlie,Paris,KELP,SEASHELLS,2047.0,1
6848,367700,Charlie,Paris,KELP,SEASHELLS,2047.0,1
6857,368100,Paris,Gina,KELP,SEASHELLS,2048.0,2
6867,368400,Penelope,Charlie,KELP,SEASHELLS,2050.0,15
6870,368700,Paris,Charlie,KELP,SEASHELLS,2049.0,1
6876,369000,Paris,Camilla,KELP,SEASHELLS,2049.0,1
6880,369200,Charlie,Caesar,KELP,SEASHELLS,2048.0,2
6892,370200,Charlie,Paris,KELP,SEASHELLS,2047.0,1
6901,370800,Charlie,Caesar,KELP,SEASHELLS,2048.0,6
6910,371300,Camilla,Penelope,KELP,SEASHELLS,2047.0,4
6913,371400,Charlie,Paris,KELP,SEASHELLS,2047.0,2
6915,371600,Charlie,Paris,KELP,SEASHELLS,2047.0,1
6928,371800,Charlie,Paris,KELP,SEASHELLS,2047.0,2
6931,372200,Charlie,Paris,KELP,SEASHELLS,2047.0,1
6945,372700,Paris,Gary,KELP,SEASHELLS,2049.0,1
6956,373100,Charlie,Penelope,KELP,SEASHELLS,2047.0,7
6960,373300,Paris,Charlie,KELP,SEASHELLS,2051.0,1
6964,373500,Charlie,Gary,KELP,SEASHELLS,2047.0,10
6966,373600,Penelope,Caesar,KELP,SEASHELLS,2050.0,1
6967,373600,Penelope,Charlie,KELP,SEASHELLS,2050.0,6
6969,373800,Charlie,Paris,KELP,SEASHELLS,2047.0,1
6976,373900,Paris,Charlie,KELP,SEASHELLS,2049.0,1
6984,374700,Charlie,Paris,KELP,SEASHELLS,2047.0,1
6985,374700,Penelope,Caesar,KELP,SEASHELLS,2050.0,2
6986,374700,Penelope,Charlie,KELP,SEASHELLS,2050.0,11
6998,375400,Camilla,Gina,KELP,SEASHELLS,2048.0,7
7003,375700,Paris,Charlie,KELP,SEASHELLS,2049.0,1
7005,375800,Charlie,Paris,KELP,SEASHELLS,2047.0,1
7011,376000,Paris,Camilla,KELP,SEASHELLS,2049.0,1
7015,376400,Pablo,Camilla,KELP,SEASHELLS,2049.0,2
7019,376700,Paris,Charlie,KELP,SEASHELLS,2050.0,1
7027,377300,Paris,Camilla,KELP,SEASHELLS,2049.0,1
7049,378100,Charlie,Gina,KELP,SEASHELLS,2047.0,7
7054,378400,Paris,Camilla,KELP,SEASHELLS,2049.0,1
7056,378500,Charlie,Paris,KELP,SEASHELLS,2047.0,1
7061,379000,Paris,Charlie,KELP,SEASHELLS,2050.0,1
7076,379200,Paris,Charlie,KELP,SEASHELLS,2050.0,2
7079,379400,Charlie,Paris,KELP,SEASHELLS,2047.0,1
7081,379500,Charlie,Gary,KELP,SEASHELLS,2047.0,14
7083,379600,Paris,Charlie,KELP,SEASHELLS,2050.0,2
7088,380300,Charlie,Paris,KELP,SEASHELLS,2047.0,1
7091,380900,Paris,Charlie,KELP,SEASHELLS,2050.0,1
7106,381600,Paris,Camilla,KELP,SEASHELLS,2050.0,1
7118,382400,Pablo,Paris,KELP,SEASHELLS,2049.0,2
7136,383100,Paris,Caesar,KELP,SEASHELLS,2050.0,1
7139,383200,Charlie,Paris,KELP,SEASHELLS,2047.0,1
7145,383600,Charlie,Paris,KELP,SEASHELLS,2047.0,1
7146,383600,Paris,Camilla,KELP,SEASHELLS,2049.0,1
7179,385300,Charlie,Paris,KELP,SEASHELLS,2047.0,1
7193,385700,Charlie,Gary,KELP,SEASHELLS,2047.0,9
7194,385700,Penelope,Camilla,KELP,SEASHELLS,2049.0,8
7195,385700,Penelope,Paris,KELP,SEASHELLS,2049.0,2
7199,385800,Gary,Charlie,KELP,SEASHELLS,2051.0,9
7204,386000,Charlie,Paris,KELP,SEASHELLS,2047.0,1
7210,386300,Charlie,Gary,KELP,SEASHELLS,2047.0,15
7214,386600,Charlie,Paris,KELP,SEASHELLS,2047.0,1
7219,387100,Caesar,Penelope,KELP,SEASHELLS,2048.0,2
7220,387100,Charlie,Penelope,KELP,SEASHELLS,2048.0,12
7233,387200,Paris,Charlie,KELP,SEASHELLS,2051.0,1
7235,387400,Charlie,Paris,KELP,SEASHELLS,2047.0,2
7237,387500,Paris,Camilla,KELP,SEASHELLS,2050.0,2
7239,387600,Paris,Charlie,KELP,SEASHELLS,2051.0,1
7248,387800,Camilla,Paris,KELP,SEASHELLS,2048.0,1
7250,388000,Charlie,Paris,KELP,SEASHELLS,2048.0,1
7253,388100,Paris,Camilla,KELP,SEASHELLS,2050.0,1
7254,388100,Penelope,Camilla,KELP,SEASHELLS,2050.0,4
7255,388100,Charlie,Paris,KELP,SEASHELLS,2048.0,2
7262,388400,Camilla,Gina,KELP,SEASHELLS,2048.0,3
7263,388400,Charlie,Gina,KELP,SEASHELLS,2048.0,5
7268,388900,Camilla,Paris,KELP,SEASHELLS,2048.0,1
7276,389500,Gary,Charlie,KELP,SEASHELLS,2051.0,14
7293,390400,Camilla,Pablo,KELP,SEASHELLS,2048.0,3
7300,390900,Caesar,Gina,KELP,SEASHELLS,2048.0,2
7301,390900,Charlie,Gina,KELP,SEASHELLS,2048.0,7
7308,391800,Charlie,Penelope,KELP,SEASHELLS,2047.0,7
7312,392000,Gary,Charlie,KELP,SEASHELLS,2051.0,15
7317,392400,Charlie,Paris,KELP,SEASHELLS,2048.0,1
7332,393000,Gary,Camilla,KELP,SEASHELLS,2050.0,5
7333,393000,Gary,Charlie,KELP,SEASHELLS,2050.0,6
7348,393200,Charlie,Paris,KELP,SEASHELLS,2048.0,1
7350,393300,Charlie,Paris,KELP,SEASHELLS,2048.0,1
7365,394200,Charlie,Paris,KELP,SEASHELLS,2048.0,1
7374,394500,Caesar,Paris,KELP,SEASHELLS,2048.0,1
7376,394600,Charlie,Caesar,KELP,SEASHELLS,2049.0,6
7380,394800,Charlie,Paris,KELP,SEASHELLS,2048.0,1
7381,394800,Paris,Charlie,KELP,SEASHELLS,2051.0,1
7388,395200,Penelope,Charlie,KELP,SEASHELLS,2051.0,13
7389,395200,Paris,Charlie,KELP,SEASHELLS,2051.0,2
7393,395300,Charlie,Paris,KELP,SEASHELLS,2048.0,1
7398,395800,Charlie,Paris,KELP,SEASHELLS,2048.0,1
7399,395800,Paris,Charlie,KELP,SEASHELLS,2051.0,2
7404,396500,Paris,Charlie,KELP,SEASHELLS,2051.0,2
7414,396800,Penelope,Charlie,KELP,SEASHELLS,2051.0,7
7417,396900,Charlie,Caesar,KELP,SEASHELLS,2049.0,6
7422,397300,Paris,Camilla,KELP,SEASHELLS,2050.0,1
7424,397600,Caesar,Paris,KELP,SEASHELLS,2048.0,1
7435,398300,Paris,Charlie,KELP,SEASHELLS,2051.0,1
7436,398300,Paris,Charlie,KELP,SEASHELLS,2050.0,1
7443,398700,Charlie,Paris,KELP,SEASHELLS,2047.0,1
7446,399200,Caesar,Paris,KELP,SEASHELLS,2047.0,1
7458,399700,Charlie,Paris,KELP,SEASHELLS,2047.0,1
7464,400000,Penelope,Charlie,KELP,SEASHELLS,2051.0,7
7469,400200,Paris,Charlie,KELP,SEASHELLS,2051.0,2
7476,400900,Charlie,Penelope,KELP,SEASHELLS,2047.0,7
7480,401100,Charlie,Paris,KELP,SEASHELLS,2047.0,1
7483,401300,Charlie,Caesar,KELP,SEASHELLS,2048.0,2
7503,401600,Pablo,Charlie,KELP,SEASHELLS,2049.0,3
7505,401700,Charlie,Paris,KELP,SEASHELLS,2047.0,1
7510,402000,Pablo,Camilla,KELP,SEASHELLS,2049.0,3
7517,402100,Penelope,Charlie,KELP,SEASHELLS,2050.0,12
7544,403600,Pablo,Paris,KELP,SEASHELLS,2049.0,1
7545,403600,Pablo,Camilla,KELP,SEASHELLS,2049.0,3
7549,403700,Charlie,Paris,KELP,SEASHELLS,2047.0,1
7557,404200,Charlie,Paris,KELP,SEASHELLS,2047.0,2
7573,404600,Paris,Camilla,KELP,SEASHELLS,2049.0,2
7576,404800,Charlie,Paris,KELP,SEASHELLS,2047.0,1
7578,404900,Camilla,Caesar,KELP,SEASHELLS,2048.0,5
7584,405100,Paris,Camilla,KELP,SEASHELLS,2049.0,1
7596,406000,Charlie,Caesar,KELP,SEASHELLS,2048.0,2
7597,406100,Charlie,Gina,KELP,SEASHELLS,2048.0,7
7606,406700,Charlie,Penelope,KELP,SEASHELLS,2047.0,7
7614,407200,Charlie,Paris,KELP,SEASHELLS,2047.0,1
7621,407700,Paris,Camilla,KELP,SEASHELLS,2049.0,1
7623,407900,Gary,Charlie,KELP,SEASHELLS,2050.0,13
7629,408300,Paris,Camilla,KELP,SEASHELLS,2049.0,1
7630,408300,Paris,Camilla,KELP,SEASHELLS,2049.0,1
7638,408900,Caesar,Paris,KELP,SEASHELLS,2047.0,1
7640,409100,Pablo,Paris,KELP,SEASHELLS,2049.0,1
7645,409300,Paris,Charlie,KELP,SEASHELLS,2051.0,1
7648,409400,Charlie,Pablo,KELP,SEASHELLS,2048.0,4
7651,409700,Penelope,Charlie,KELP,SEASHELLS,2051.0,15
7654,409900,Caesar,Paris,KELP,SEASHELLS,2048.0,1
7665,410600,Pablo,Camilla,KELP,SEASHELLS,2049.0,1
7668,410700,Penelope,Charlie,KELP,SEASHELLS,2051.0,10
7672,410800,Paris,Charlie,KELP,SEASHELLS,2050.0,1
7679,411000,Caesar,Pablo,KELP,SEASHELLS,2048.0,2
7681,411200,Charlie,Paris,KELP,SEASHELLS,2048.0,1
7682,411200,Charlie,Paris,KELP,SEASHELLS,2048.0,2
7685,411300,Paris,Gina,KELP,SEASHELLS,2050.0,1
7686,411300,Charlie,Gina,KELP,SEASHELLS,2048.0,6
7694,411700,Pablo,Charlie,KELP,SEASHELLS,2050.0,5
7699,411900,Paris,Charlie,KELP,SEASHELLS,2051.0,1
7702,412000,Charlie,Paris,KELP,SEASHELLS,2048.0,1
7710,412500,Charlie,Paris,KELP,SEASHELLS,2048.0,1
7717,413000,Camilla,Paris,KELP,SEASHELLS,2048.0,1
7722,413200,Gary,Charlie,KELP,SEASHELLS,2051.0,13
7725,413600,Charlie,Paris,KELP,SEASHELLS,2048.0,1
7734,414100,Paris,Paris,KELP,SEASHELLS,2048.0,1
7757,414800,Paris,Charlie,KELP,SEASHELLS,2051.0,2
7764,415600,Paris,Charlie,KELP,SEASHELLS,2050.0,1
7779,416200,Penelope,Charlie,KELP,SEASHELLS,2051.0,15
7790,416800,Charlie,Paris,KELP,SEASHELLS,2048.0,1
7793,417200,Paris,Paris,KELP,SEASHELLS,2050.0,1
7795,417300,Penelope,Charlie,KELP,SEASHELLS,2051.0,6
7802,417600,Charlie,Paris,KELP,SEASHELLS,2048.0,2
7809,418200,Penelope,Charlie,KELP,SEASHELLS,2052.0,11
7816,418900,Camilla,Paris,KELP,SEASHELLS,2049.0,2
7819,419200,Charlie,Paris,KELP,SEASHELLS,2049.0,1
7820,419200,Charlie,Gina,KELP,SEASHELLS,2049.0,10
7823,419300,Charlie,Gary,KELP,SEASHELLS,2048.0,8
7834,419600,Paris,Caesar,KELP,SEASHELLS,2050.0,1
7837,419900,Camilla,Gary,KELP,SEASHELLS,2048.0,8
7838,419900,Charlie,Gary,KELP,SEASHELLS,2048.0,4
7846,420500,Paris,Pablo,KELP,SEASHELLS,2049.0,1
7847,420500,Charlie,Pablo,KELP,SEASHELLS,2049.0,3
7864,421600,Camilla,Paris,KELP,SEASHELLS,2048.0,1
7885,422700,Camilla,Paris,KELP,SEASHELLS,2048.0,1
7894,423200,Camilla,Paris,KELP,SEASHELLS,2048.0,1
7899,423900,Camilla,Paris,KELP,SEASHELLS,2048.0,1
7902,424000,Paris,Charlie,KELP,SEASHELLS,2051.0,2
7911,424700,Camilla,Paris,KELP,SEASHELLS,2048.0,1
7916,425100,Paris,Charlie,KELP,SEASHELLS,2051.0,1
7917,425100,Gina,Charlie,KELP,SEASHELLS,2050.0,10
7920,425200,Charlie,Gina,KELP,SEASHELLS,2048.0,7
7921,425300,Charlie,Gary,KELP,SEASHELLS,2048.0,9
7927,425500,Paris,Caesar,KELP,SEASHELLS,2051.0,1
7931,425800,Pablo,Charlie,KELP,SEASHELLS,2050.0,3
7934,426000,Camilla,Penelope,KELP,SEASHELLS,2049.0,2
7935,426000,Charlie,Penelope,KELP,SEASHELLS,2049.0,13
7942,426400,Paris,Charlie,KELP,SEASHELLS,2051.0,1
7944,426600,Caesar,Paris,KELP,SEASHELLS,2049.0,1
7945,426600,Caesar,Gina,KELP,SEASHELLS,2049.0,3
7946,426600,Camilla,Paris,KELP,SEASHELLS,2049.0,0
7947,426600,Camilla,Gina,KELP,SEASHELLS,2049.0,4
7948,426600,Charlie,Paris,KELP,SEASHELLS,2048.0,2
7970,427000,Paris,Camilla,KELP,SEASHELLS,2051.0,1
7972,427200,Caesar,Pablo,KELP,SEASHELLS,2049.0,3
7978,427600,Gina,Charlie,KELP,SEASHELLS,2051.0,8
7982,427700,Charlie,Paris,KELP,SEASHELLS,2049.0,1
7992,428000,Paris,Charlie,KELP,SEASHELLS,2051.0,1
7993,428000,Gina,Charlie,KELP,SEASHELLS,2051.0,9
7997,428600,Charlie,Paris,KELP,SEASHELLS,2049.0,1
8008,429000,Charlie,Paris,KELP,SEASHELLS,2049.0,1
8023,429900,Charlie,Paris,KELP,SEASHELLS,2049.0,1
8026,430000,Charlie,Paris,KELP,SEASHELLS,2049.0,1
8030,430200,Charlie,Paris,KELP,SEASHELLS,2049.0,1
8033,430700,Charlie,Caesar,KELP,SEASHELLS,2050.0,4
8045,431800,Paris,Camilla,KELP,SEASHELLS,2051.0,1
8059,432800,Charlie,Paris,KELP,SEASHELLS,2048.0,2
8060,432800,Charlie,Paris,KELP,SEASHELLS,2049.0,1
8071,433400,Paris,Charlie,KELP,SEASHELLS,2052.0,1
8076,434000,Charlie,Caesar,KELP,SEASHELLS,2049.0,5
8093,434900,Paris,Charlie,KELP,SEASHELLS,2052.0,2
8102,435600,Caesar,Gina,KELP,SEASHELLS,2049.0,1
8103,435600,Charlie,Penelope,KELP,SEASHELLS,2048.0,9
8104,435600,Charlie,Gina,KELP,SEASHELLS,2049.0,8
8112,435700,Pablo,Camilla,KELP,SEASHELLS,2050.0,3
8113,435700,Penelope,Charlie,KELP,SEASHELLS,2052.0,8
8122,435900,Caesar,Paris,KELP,SEASHELLS,2049.0,1
8128,436300,Caesar,Paris,KELP,SEASHELLS,2049.0,1
8133,436500,Paris,Charlie,KELP,SEASHELLS,2052.0,1
8147,436800,Charlie,Paris,KELP,SEASHELLS,2048.0,1
8148,436800,Charlie,Penelope,KELP,SEASHELLS,2048.0,13
8152,436900,Paris,Paris,KELP,SEASHELLS,2051.0,1
8158,437800,Charlie,Pablo,KELP,SEASHELLS,2049.0,2
8162,437900,Charlie,Paris,KELP,SEASHELLS,2048.0,1
8165,438000,Paris,Camilla,KELP,SEASHELLS,2050.0,1
8168,438100,Paris,Charlie,KELP,SEASHELLS,2052.0,1
8171,438300,Charlie,Paris,KELP,SEASHELLS,2048.0,1
8175,438400,Charlie,Paris,KELP,SEASHELLS,2048.0,1
8177,438600,Charlie,Paris,KELP,SEASHELLS,2048.0,1
8181,438700,Paris,Charlie,KELP,SEASHELLS,2052.0,2
8186,439100,Gary,Charlie,KELP,SEASHELLS,2052.0,15
8202,440200,Paris,Caesar,KELP,SEASHELLS,2051.0,1
8212,440600,Camilla,Paris,KELP,SEASHELLS,2049.0,1
8213,440600,Paris,Charlie,KELP,SEASHELLS,2052.0,1
8216,440800,Paris,Charlie,KELP,SEASHELLS,2052.0,2
8220,441300,Paris,Charlie,KELP,SEASHELLS,2052.0,2
8224,441600,Caesar,Paris,KELP,SEASHELLS,2049.0,1
8262,443000,Paris,Charlie,KELP,SEASHELLS,2052.0,2
8264,443200,Camilla,Penelope,KELP,SEASHELLS,2049.0,5
8265,443200,Charlie,Penelope,KELP,SEASHELLS,2049.0,3
8273,443500,Paris,Charlie,KELP,SEASHELLS,2051.0,1
8286,444100,Charlie,Paris,KELP,SEASHELLS,2048.0,2
8309,444800,Paris,Charlie,KELP,SEASHELLS,2051.0,1
8322,445200,Paris,Charlie,KELP,SEASHELLS,2052.0,1
8325,445300,Paris,Charlie,KELP,SEASHELLS,2051.0,1
8335,445700,Paris,Pablo,KELP,SEASHELLS,2049.0,1
8336,445700,Penelope,Pablo,KELP,SEASHELLS,2049.0,4
8340,446000,Penelope,Charlie,KELP,SEASHELLS,2052.0,7
8349,447000,Charlie,Penelope,KELP,SEASHELLS,2048.0,11
8353,447100,Caesar,Gina,KELP,SEASHELLS,2048.0,5
8354,447100,Charlie,Gina,KELP,SEASHELLS,2048.0,2
8358,447500,Camilla,Paris,KELP,SEASHELLS,2049.0,1
8360,447600,Gary,Charlie,KELP,SEASHELLS,2052.0,9
8366,448300,Paris,Caesar,KELP,SEASHELLS,2051.0,1
8374,448500,Charlie,Gina,KELP,SEASHELLS,2048.0,7
8381,448900,Camilla,Caesar,KELP,SEASHELLS,2049.0,4
8428,450500,Paris,Caesar,KELP,SEASHELLS,2051.0,1
8435,450900,Camilla,Paris,KELP,SEASHELLS,2049.0,2
8437,451000,Gary,Camilla,KELP,SEASHELLS,2050.0,2
8438,451000,Penelope,Charlie,KELP,SEASHELLS,2052.0,15
8442,451600,Penelope,Camilla,KELP,SEASHELLS,2051.0,2
8443,451600,Penelope,Charlie,KELP,SEASHELLS,2051.0,5
8445,451700,Paris,Charlie,KELP,SEASHELLS,2052.0,2
8450,451800,Charlie,Paris,KELP,SEASHELLS,2048.0,1
8460,452100,Charlie,Paris,KELP,SEASHELLS,2048.0,1
8462,452300,Charlie,Paris,KELP,SEASHELLS,2048.0,1
8464,452500,Paris,Pablo,KELP,SEASHELLS,2049.0,1
8465,452500,Charlie,Pablo,KELP,SEASHELLS,2049.0,3
8497,454700,Paris,Camilla,KELP,SEASHELLS,2050.0,1
8502,455600,Charlie,Paris,KELP,SEASHELLS,2048.0,1
8510,456200,Paris,Camilla,KELP,SEASHELLS,2050.0,1
8512,456300,Charlie,Paris,KELP,SEASHELLS,2048.0,1
8524,456400,Paris,Camilla,KELP,SEASHELLS,2050.0,1
8534,457000,Charlie,Paris,KELP,SEASHELLS,2048.0,1
8536,457100,Penelope,Charlie,KELP,SEASHELLS,2051.0,14
8538,457400,Paris,Pablo,KELP,SEASHELLS,2048.0,1
8539,457400,Caesar,Pablo,KELP,SEASHELLS,2048.0,2
8544,457600,Penelope,Charlie,KELP,SEASHELLS,2051.0,12
8558,458200,Caesar,Paris,KELP,SEASHELLS,2048.0,1
8560,458300,Charlie,Gary,KELP,SEASHELLS,2048.0,9
8576,458700,Penelope,Charlie,KELP,SEASHELLS,2051.0,11
8577,458700,Camilla,Paris,KELP,SEASHELLS,2048.0,1
8580,458800,Camilla,Paris,KELP,SEASHELLS,2048.0,1
8589,459200,Charlie,Paris,KELP,SEASHELLS,2048.0,1
8591,459500,Charlie,Paris,KELP,SEASHELLS,2048.0,1
8597,459800,Charlie,Paris,KELP,SEASHELLS,2048.0,1
8605,460600,Paris,Charlie,KELP,SEASHELLS,2050.0,1
8610,460900,Paris,Caesar,KELP,SEASHELLS,2050.0,1
8611,460900,Charlie,Paris,KELP,SEASHELLS,2048.0,1
8614,461000,Paris,Charlie,KELP,SEASHELLS,2051.0,2
8619,461300,Paris,Charlie,KELP,SEASHELLS,2050.0,1
8621,461400,Gary,Charlie,KELP,SEASHELLS,2051.0,12
8626,461500,Caesar,Paris,KELP,SEASHELLS,2048.0,1
8635,462000,Pablo,Charlie,KELP,SEASHELLS,2050.0,4
8636,462000,Paris,Charlie,KELP,SEASHELLS,2050.0,1
8649,463300,Charlie,Paris,KELP,SEASHELLS,2048.0,1
8650,463300,Charlie,Penelope,KELP,SEASHELLS,2048.0,12
8658,463600,Charlie,Pablo,KELP,SEASHELLS,2049.0,5
8661,463700,Camilla,Paris,KELP,SEASHELLS,2049.0,1
8672,464000,Camilla,Paris,KELP,SEASHELLS,2049.0,1
8677,464300,Charlie,Paris,KELP,SEASHELLS,2048.0,2
8679,464500,Paris,Charlie,KELP,SEASHELLS,2052.0,2
8686,465100,Penelope,Charlie,KELP,SEASHELLS,2052.0,11
8695,465700,Paris,Charlie,KELP,SEASHELLS,2051.0,1
8698,465900,Charlie,Gina,KELP,SEASHELLS,2049.0,9
8716,467000,Charlie,Paris,KELP,SEASHELLS,2048.0,1
8718,467100,Paris,Caesar,KELP,SEASHELLS,2050.0,1
8745,468000,Paris,Charlie,KELP,SEASHELLS,2050.0,1
8757,468200,Paris,Charlie,KELP,SEASHELLS,2050.0,1
8765,468700,Camilla,Paris,KELP,SEASHELLS,2048.0,1
8767,468800,Camilla,Paris,KELP,SEASHELLS,2048.0,1
8772,469300,Camilla,Paris,KELP,SEASHELLS,2048.0,1
8779,469600,Charlie,Paris,KELP,SEASHELLS,2048.0,1
8801,470600,Paris,Caesar,KELP,SEASHELLS,2051.0,2
8803,470700,Paris,Camilla,KELP,SEASHELLS,2050.0,1
8810,470800,Penelope,Charlie,KELP,SEASHELLS,2051.0,9
8811,470800,Paris,Charlie,KELP,SEASHELLS,2050.0,1
8822,471200,Charlie,Paris,KELP,SEASHELLS,2048.0,1
8827,471500,Penelope,Charlie,KELP,SEASHELLS,2051.0,9
8830,471600,Pablo,Charlie,KELP,SEASHELLS,2050.0,2
8831,471600,Paris,Charlie,KELP,SEASHELLS,2050.0,1
8835,471900,Charlie,Paris,KELP,SEASHELLS,2048.0,1
8843,472400,Charlie,Penelope,KELP,SEASHELLS,2048.0,14
8847,472500,Charlie,Penelope,KELP,SEASHELLS,2048.0,15
8850,472600,Charlie,Gina,KELP,SEASHELLS,2048.0,8
8854,472800,Paris,Charlie,KELP,SEASHELLS,2051.0,2
8856,473100,Camilla,Paris,KELP,SEASHELLS,2048.0,1
8857,473100,Charlie,Paris,KELP,SEASHELLS,2048.0,2
8866,473500,Charlie,Caesar,KELP,SEASHELLS,2049.0,5
8870,473700,Charlie,Caesar,KELP,SEASHELLS,2049.0,6
8872,473800,Paris,Charlie,KELP,SEASHELLS,2050.0,1
8879,473900,Paris,Charlie,KELP,SEASHELLS,2050.0,1
8886,474500,Pablo,Camilla,KELP,SEASHELLS,2050.0,2
8895,474900,Paris,Caesar,KELP,SEASHELLS,2050.0,1
8896,474900,Charlie,Caesar,KELP,SEASHELLS,2049.0,2
8902,475100,Charlie,Paris,KELP,SEASHELLS,2048.0,1
8908,475300,Charlie,Pablo,KELP,SEASHELLS,2048.0,5
8912,475400,Charlie,Gary,KELP,SEASHELLS,2048.0,12
8919,476100,Paris,Camilla,KELP,SEASHELLS,2050.0,1
8925,476300,Paris,Charlie,KELP,SEASHELLS,2050.0,1
8935,476900,Paris,Charlie,KELP,SEASHELLS,2050.0,1
8955,477500,Charlie,Caesar,KELP,SEASHELLS,2049.0,4
8968,478000,Caesar,Paris,KELP,SEASHELLS,2048.0,1
8973,478100,Camilla,Paris,KELP,SEASHELLS,2048.0,2
8985,478800,Charlie,Pablo,KELP,SEASHELLS,2048.0,3
9004,479300,Camilla,Paris,KELP,SEASHELLS,2048.0,2
9007,479400,Charlie,Caesar,KELP,SEASHELLS,2049.0,5
9041,481000,Charlie,Paris,KELP,SEASHELLS,2048.0,1
9043,481300,Charlie,Pablo,KELP,SEASHELLS,2049.0,3
9045,481600,Charlie,Paris,KELP,SEASHELLS,2048.0,1
9048,481800,Charlie,Paris,KELP,SEASHELLS,2048.0,1
9049,481800,Charlie,Paris,KELP,SEASHELLS,2048.0,1
9058,482600,Charlie,Paris,KELP,SEASHELLS,2048.0,1
9059,482600,Penelope,Charlie,KELP,SEASHELLS,2052.0,8
9063,482700,Paris,Caesar,KELP,SEASHELLS,2051.0,1
9079,483000,Paris,Camilla,KELP,SEASHELLS,2050.0,1
9091,484200,Charlie,Paris,KELP,SEASHELLS,2048.0,1
9095,484300,Pablo,Camilla,KELP,SEASHELLS,2050.0,4
9101,484800,Charlie,Paris,KELP,SEASHELLS,2048.0,1
9105,484900,Charlie,Gina,KELP,SEASHELLS,2048.0,9
9107,485000,Paris,Charlie,KELP,SEASHELLS,2050.0,1
9109,485300,Paris,Pablo,KELP,SEASHELLS,2049.0,1
9124,485700,Paris,Charlie,KELP,SEASHELLS,2051.0,2
9127,486000,Paris,Charlie,KELP,SEASHELLS,2051.0,1
9138,486300,Paris,Charlie,KELP,SEASHELLS,2051.0,2
9141,486400,Camilla,Paris,KELP,SEASHELLS,2048.0,1
9142,486400,Paris,Charlie,KELP,SEASHELLS,2051.0,1
9157,487700,Caesar,Paris,KELP,SEASHELLS,2049.0,1
9198,491000,Pablo,Charlie,KELP,SEASHELLS,2050.0,2
9200,491100,Charlie,Paris,KELP,SEASHELLS,2048.0,1
9203,491200,Pablo,Caesar,KELP,SEASHELLS,2050.0,4
9208,491400,Charlie,Paris,KELP,SEASHELLS,2048.0,1
9212,491900,Charlie,Paris,KELP,SEASHELLS,2048.0,1
9232,492500,Charlie,Gina,KELP,SEASHELLS,2048.0,7
9244,493100,Gary,Charlie,KELP,SEASHELLS,2051.0,10
9246,493200,Charlie,Paris,KELP,SEASHELLS,2048.0,1
9250,493400,Paris,Charlie,KELP,SEASHELLS,2050.0,1
9256,493900,Paris,Camilla,KELP,SEASHELLS,2050.0,2
9260,494000,Penelope,Charlie,KELP,SEASHELLS,2051.0,9
9266,494100,Camilla,Paris,KELP,SEASHELLS,2048.0,1
9269,494300,Charlie,Caesar,KELP,SEASHELLS,2049.0,5
9285,495000,Paris,Charlie,KELP,SEASHELLS,2051.0,1
9287,495100,Camilla,Paris,KELP,SEASHELLS,2048.0,1
9290,495200,Camilla,Paris,KELP,SEASHELLS,2048.0,2
9305,496000,Paris,Charlie,KELP,SEASHELLS,2050.0,1
9308,496100,Paris,Charlie,KELP,SEASHELLS,2052.0,2
9325,496700,Paris,Charlie,KELP,SEASHELLS,2052.0,1
9329,496900,Gary,Camilla,KELP,SEASHELLS,2050.0,8
9345,497600,Caesar,Penelope,KELP,SEASHELLS,2050.0,6
9349,497900,Paris,Charlie,KELP,SEASHELLS,2051.0,1
9357,498100,Charlie,Penelope,KELP,SEASHELLS,2048.0,14
9358,498100,Paris,Charlie,KELP,SEASHELLS,2052.0,2
9361,498200,Charlie,Paris,KELP,SEASHELLS,2049.0,1
9364,498400,Paris,Charlie,KELP,SEASHELLS,2052.0,1
9374,498700,Paris,Charlie,KELP,SEASHELLS,2051.0,1
9375,498800,Paris,Charlie,KELP,SEASHELLS,2051.0,1
9379,499600,Paris,Charlie,KELP,SEASHELLS,2050.0,1
9387,500400,Charlie,Paris,KELP,SEASHELLS,2048.0,1
9388,500400,Penelope,Charlie,KELP,SEASHELLS,2052.0,7
9407,501000,Charlie,Paris,KELP,SEASHELLS,2048.0,1
9410,501300,Paris,Charlie,KELP,SEASHELLS,2052.0,2
9416,501700,Charlie,Paris,KELP,SEASHELLS,2048.0,1
9419,501800,Paris,Charlie,KELP,SEASHELLS,2052.0,1
9424,502200,Paris,Charlie,KELP,SEASHELLS,2051.0,1
9439,502400,Charlie,Penelope,KELP,SEASHELLS,2048.0,9
9455,502900,Gary,Charlie,KELP,SEASHELLS,2052.0,11
9457,503000,Charlie,Paris,KELP,SEASHELLS,2048.0,1
9462,503600,Paris,Charlie,KELP,SEASHELLS,2052.0,2
9464,503700,Camilla,Caesar,KELP,SEASHELLS,2049.0,3
9469,504000,Charlie,Gary,KELP,SEASHELLS,2048.0,15
9478,504400,Gary,Charlie,KELP,SEASHELLS,2052.0,15
9494,505500,Camilla,Paris,KELP,SEASHELLS,2048.0,1
9495,505500,Charlie,Caesar,KELP,SEASHELLS,2049.0,4
9502,505900,Gary,Caesar,KELP,SEASHELLS,2051.0,1
9512,506100,Gary,Camilla,KELP,SEASHELLS,2050.0,8
9514,506200,Charlie,Paris,KELP,SEASHELLS,2048.0,1
9516,506300,Charlie,Paris,KELP,SEASHELLS,2048.0,1
9518,506500,Charlie,Paris,KELP,SEASHELLS,2048.0,1
9521,506600,Gina,Paris,KELP,SEASHELLS,2048.0,1
9522,506600,Gina,Pablo,KELP,SEASHELLS,2049.0,2
9528,507200,Charlie,Gina,KELP,SEASHELLS,2048.0,7
9530,507500,Charlie,Paris,KELP,SEASHELLS,2048.0,2
9532,507600,Charlie,Pablo,KELP,SEASHELLS,2048.0,3
9535,507700,Charlie,Paris,KELP,SEASHELLS,2048.0,1
9537,508100,Paris,Charlie,KELP,SEASHELLS,2050.0,1
9544,508200,Paris,Charlie,KELP,SEASHELLS,2050.0,1
9548,508400,Charlie,Paris,KELP,SEASHELLS,2048.0,1
9551,508600,Charlie,Paris,KELP,SEASHELLS,2048.0,1
9560,509300,Camilla,Pablo,KELP,SEASHELLS,2048.0,3
9564,509500,Paris,Pablo,KELP,SEASHELLS,2048.0,1
9581,510400,Paris,Camilla,KELP,SEASHELLS,2049.0,1
9584,510600,Paris,Camilla,KELP,SEASHELLS,2049.0,1
9586,510900,Paris,Pablo,KELP,SEASHELLS,2047.0,1
9587,510900,Camilla,Pablo,KELP,SEASHELLS,2047.0,2
9590,511000,Charlie,Paris,KELP,SEASHELLS,2047.0,1
9592,511100,Charlie,Paris,KELP,SEASHELLS,2047.0,1
9599,511400,Paris,Charlie,KELP,SEASHELLS,2049.0,1
9612,512300,Penelope,Charlie,KELP,SEASHELLS,2051.0,4
9628,513300,Charlie,Paris,KELP,SEASHELLS,2048.0,1
9634,513700,Paris,Charlie,KELP,SEASHELLS,2050.0,1
9636,513900,Gary,Camilla,KELP,SEASHELLS,2050.0,6
9641,514100,Camilla,Paris,KELP,SEASHELLS,2049.0,1
9643,514300,Camilla,Paris,KELP,SEASHELLS,2048.0,1
9648,514600,Paris,Camilla,KELP,SEASHELLS,2051.0,1
9663,515400,Charlie,Paris,KELP,SEASHELLS,2049.0,1
9667,515800,Caesar,Paris,KELP,SEASHELLS,2049.0,1
9669,516100,Camilla,Pablo,KELP,SEASHELLS,2049.0,1
9670,516100,Charlie,Pablo,KELP,SEASHELLS,2049.0,4
9679,516600,Paris,Charlie,KELP,SEASHELLS,2051.0,1
9682,516700,Paris,Camilla,KELP,SEASHELLS,2051.0,1
9692,517400,Charlie,Gina,KELP,SEASHELLS,2048.0,9
9700,518100,Paris,Charlie,KELP,SEASHELLS,2051.0,1
9701,518100,Paris,Charlie,KELP,SEASHELLS,2050.0,1
9706,518200,Charlie,Gary,KELP,SEASHELLS,2048.0,8
9708,518300,Charlie,Paris,KELP,SEASHELLS,2048.0,1
9717,519200,Paris,Caesar,KELP,SEASHELLS,2050.0,2
9730,519600,Charlie,Gary,KELP,SEASHELLS,2047.0,11
9735,519800,Charlie,Penelope,KELP,SEASHELLS,2047.0,7
9740,520000,Penelope,Charlie,KELP,SEASHELLS,2050.0,13
9744,520300,Camilla,Paris,KELP,SEASHELLS,2048.0,2
9746,520500,Charlie,Paris,KELP,SEASHELLS,2047.0,1
9748,520800,Paris,Charlie,KELP,SEASHELLS,2050.0,1
9751,520900,Charlie,Paris,KELP,SEASHELLS,2047.0,1
9756,521000,Paris,Camilla,KELP,SEASHELLS,2049.0,1
9759,521200,Paris,Camilla,KELP,SEASHELLS,2049.0,1
9767,521400,Paris,Charlie,KELP,SEASHELLS,2049.0,1
9772,521700,Pablo,Charlie,KELP,SEASHELLS,2049.0,5
9776,521900,Penelope,Camilla,KELP,SEASHELLS,2048.0,7
9781,522500,Caesar,Paris,KELP,SEASHELLS,2047.0,1
9783,522700,Paris,Gary,KELP,SEASHELLS,2049.0,1
9787,523000,Charlie,Paris,KELP,SEASHELLS,2047.0,1
9788,523000,Charlie,Paris,KELP,SEASHELLS,2047.0,1
9791,523100,Charlie,Paris,KELP,SEASHELLS,2047.0,1
9792,523100,Paris,Charlie,KELP,SEASHELLS,2050.0,2
9802,523300,Paris,Charlie,KELP,SEASHELLS,2049.0,1
9819,524200,Penelope,Charlie,KELP,SEASHELLS,2050.0,13
9823,524500,Charlie,Paris,KELP,SEASHELLS,2047.0,1
9841,526100,Paris,Charlie,KELP,SEASHELLS,2048.0,1
9848,526500,Paris,Camilla,KELP,SEASHELLS,2048.0,2
9852,526800,Paris,Camilla,KELP,SEASHELLS,2049.0,1
9871,528000,Paris,Caesar,KELP,SEASHELLS,2049.0,1
9872,528000,Charlie,Paris,KELP,SEASHELLS,2047.0,2
9879,528600,Charlie,Paris,KELP,SEASHELLS,2047.0,1
9902,529900,Charlie,Paris,KELP,SEASHELLS,2048.0,1
9905,530000,Charlie,Paris,KELP,SEASHELLS,2047.0,1
9916,530800,Caesar,Paris,KELP,SEASHELLS,2048.0,1
9919,531100,Caesar,Paris,KELP,SEASHELLS,2048.0,1
9929,531900,Paris,Camilla,KELP,SEASHELLS,2050.0,1
9941,532300,Paris,Charlie,KELP,SEASHELLS,2051.0,2
9944,532500,Charlie,Paris,KELP,SEASHELLS,2047.0,1
9949,532900,Charlie,Paris,KELP,SEASHELLS,2047.0,1
9956,533700,Paris,Charlie,KELP,SEASHELLS,2049.0,1
9962,534300,Paris,Caesar,KELP,SEASHELLS,2049.0,1
9963,534300,Charlie,Paris,KELP,SEASHELLS,2047.0,2
9970,534800,Charlie,Paris,KELP,SEASHELLS,2047.0,1
9973,535200,Gina,Paris,KELP,SEASHELLS,2047.0,1
9974,535200,Paris,Charlie,KELP,SEASHELLS,2050.0,2
9982,535500,Charlie,Paris,KELP,SEASHELLS,2047.0,1
9983,535600,Paris,Gary,KELP,SEASHELLS,2049.0,1
9998,536200,Pablo,Camilla,KELP,SEASHELLS,2049.0,5
9999,536300,Camilla,Penelope,KELP,SEASHELLS,2047.0,8
10000,536300,Charlie,Penelope,KELP,SEASHELLS,2047.0,1
10003,536500,Charlie,Paris,KELP,SEASHELLS,2047.0,1
10008,537000,Charlie,Paris,KELP,SEASHELLS,2048.0,1
10009,537000,Charlie,Paris,KELP,SEASHELLS,2048.0,1
10015,537200,Charlie,Pablo,KELP,SEASHELLS,2048.0,2
10017,537300,Camilla,Penelope,KELP,SEASHELLS,2048.0,1
10018,537300,Caesar,Penelope,KELP,SEASHELLS,2048.0,1
10019,537300,Charlie,Penelope,KELP,SEASHELLS,2048.0,11
10038,537500,Charlie,Paris,KELP,SEASHELLS,2047.0,2
10041,538000,Pablo,Penelope,KELP,SEASHELLS,2049.0,5
10043,538300,Paris,Charlie,KELP,SEASHELLS,2050.0,1
10045,538400,Gary,Charlie,KELP,SEASHELLS,2051.0,8
10064,539000,Caesar,Paris,KELP,SEASHELLS,2048.0,1
10072,539600,Charlie,Gina,KELP,SEASHELLS,2048.0,7
10073,539800,Charlie,Paris,KELP,SEASHELLS,2048.0,1
10075,539900,Camilla,Gina,KELP,SEASHELLS,2048.0,2
10076,539900,Charlie,Gina,KELP,SEASHELLS,2048.0,8
10080,540300,Paris,Camilla,KELP,SEASHELLS,2050.0,1
10098,541200,Gary,Charlie,KELP,SEASHELLS,2051.0,13
10105,541500,Charlie,Paris,KELP,SEASHELLS,2048.0,1
10126,542800,Charlie,Gary,KELP,SEASHELLS,2048.0,11
10130,543100,Paris,Charlie,KELP,SEASHELLS,2050.0,1
10133,543300,Charlie,Penelope,KELP,SEASHELLS,2048.0,15
10135,543500,Charlie,Pablo,KELP,SEASHELLS,2049.0,2
10146,544100,Charlie,Paris,KELP,SEASHELLS,2048.0,1
10147,544200,Charlie,Paris,KELP,SEASHELLS,2048.0,1
10157,544600,Charlie,Paris,KELP,SEASHELLS,2048.0,1
10161,544900,Paris,Charlie,KELP,SEASHELLS,2051.0,1
10163,545000,Gina,Camilla,KELP,SEASHELLS,2050.0,6
10164,545000,Gina,Charlie,KELP,SEASHELLS,2050.0,2
10168,545100,Paris,Camilla,KELP,SEASHELLS,2050.0,1
10172,545300,Paris,Camilla,KELP,SEASHELLS,2050.0,1
10178,545500,Paris,Camilla,KELP,SEASHELLS,2050.0,2
10180,545700,Paris,Paris,KELP,SEASHELLS,2050.0,1
10186,546000,Camilla,Paris,KELP,SEASHELLS,2048.0,1
10190,546500,Charlie,Paris,KELP,SEASHELLS,2048.0,1
10195,546800,Charlie,Paris,KELP,SEASHELLS,2048.0,1
10201,547300,Charlie,Paris,KELP,SEASHELLS,2048.0,1
10203,547400,Charlie,Paris,KELP,SEASHELLS,2048.0,1
10204,547400,Penelope,Camilla,KELP,SEASHELLS,2050.0,8
10207,547900,Paris,Charlie,KELP,SEASHELLS,2050.0,1
10213,548100,Charlie,Paris,KELP,SEASHELLS,2048.0,1
10215,548200,Charlie,Paris,KELP,SEASHELLS,2048.0,2
10225,548500,Paris,Charlie,KELP,SEASHELLS,2051.0,1
10227,548600,Penelope,Charlie,KELP,SEASHELLS,2051.0,15
10229,548700,Charlie,Paris,KELP,SEASHELLS,2048.0,1
10234,549500,Charlie,Paris,KELP,SEASHELLS,2048.0,1
10235,549500,Charlie,Caesar,KELP,SEASHELLS,2049.0,2
10239,549800,Charlie,Paris,KELP,SEASHELLS,2048.0,2
10252,550900,Paris,Charlie,KELP,SEASHELLS,2052.0,2
10253,550900,Paris,Charlie,KELP,SEASHELLS,2051.0,1
10256,551200,Charlie,Penelope,KELP,SEASHELLS,2049.0,15
10260,551300,Charlie,Pablo,KELP,SEASHELLS,2049.0,4
10261,551300,Charlie,Paris,KELP,SEASHELLS,2049.0,1
10263,551500,Charlie,Paris,KELP,SEASHELLS,2049.0,2
10266,551600,Paris,Charlie,KELP,SEASHELLS,2052.0,2
10268,551800,Charlie,Paris,KELP,SEASHELLS,2048.0,2
10271,551900,Charlie,Paris,KELP,SEASHELLS,2048.0,1
10277,552100,Paris,Camilla,KELP,SEASHELLS,2051.0,1
10282,552600,Charlie,Paris,KELP,SEASHELLS,2048.0,1
10292,552800,Charlie,Paris,KELP,SEASHELLS,2048.0,1
10300,553300,Charlie,Paris,KELP,SEASHELLS,2048.0,1
10308,553700,Paris,Charlie,KELP,SEASHELLS,2052.0,2
10311,554000,Paris,Camilla,KELP,SEASHELLS,2050.0,1
10321,554600,Paris,Charlie,KELP,SEASHELLS,2050.0,1
10326,554900,Pablo,Penelope,KELP,SEASHELLS,2050.0,4
10338,555900,Paris,Charlie,KELP,SEASHELLS,2052.0,2
10341,556100,Gina,Camilla,KELP,SEASHELLS,2050.0,7
10342,556100,Paris,Charlie,KELP,SEASHELLS,2052.0,2
10359,556800,Charlie,Pablo,KELP,SEASHELLS,2049.0,3
10360,556800,Charlie,Paris,KELP,SEASHELLS,2049.0,1
10363,556900,Pablo,Paris,KELP,SEASHELLS,2050.0,1
10382,557800,Charlie,Paris,KELP,SEASHELLS,2048.0,1
10384,557900,Charlie,Paris,KELP,SEASHELLS,2048.0,1
10387,558300,Paris,Camilla,KELP,SEASHELLS,2051.0,1
10390,558400,Caesar,Camilla,KELP,SEASHELLS,2050.0,2
10394,558700,Caesar,Camilla,KELP,SEASHELLS,2050.0,5
10395,558700,Charlie,Paris,KELP,SEASHELLS,2048.0,1
10417,560000,Charlie,Pablo,KELP,SEASHELLS,2049.0,2
10438,562400,Paris,Camilla,KELP,SEASHELLS,2051.0,1
10447,563300,Gina,Charlie,KELP,SEASHELLS,2051.0,9
10461,564200,Charlie,Paris,KELP,SEASHELLS,2048.0,1
10477,565000,Charlie,Paris,KELP,SEASHELLS,2048.0,2
10484,565200,Penelope,Caesar,KELP,SEASHELLS,2051.0,1
10485,565200,Penelope,Charlie,KELP,SEASHELLS,2051.0,4
10494,565800,Charlie,Paris,KELP,SEASHELLS,2048.0,1
10495,565800,Penelope,Caesar,KELP,SEASHELLS,2051.0,2
10501,566100,Paris,Camilla,KELP,SEASHELLS,2050.0,1
10504,566300,Charlie,Caesar,KELP,SEASHELLS,2049.0,3
10507,566400,Charlie,Paris,KELP,SEASHELLS,2048.0,1
10509,566500,Camilla,Paris,KELP,SEASHELLS,2048.0,1
10510,566500,Paris,Charlie,KELP,SEASHELLS,2052.0,1
10515,566700,Charlie,Paris,KELP,SEASHELLS,2048.0,1
10524,567400,Charlie,Paris,KELP,SEASHELLS,2048.0,1
10525,567400,Charlie,Paris,KELP,SEASHELLS,2048.0,2
10529,567600,Charlie,Paris,KELP,SEASHELLS,2048.0,1
10549,568700,Gary,Charlie,KELP,SEASHELLS,2051.0,11
10558,569300,Paris,Charlie,KELP,SEASHELLS,2050.0,1
10560,569600,Gary,Charlie,KELP,SEASHELLS,2051.0,10
10562,569800,Paris,Charlie,KELP,SEASHELLS,2050.0,1
10569,570500,Charlie,Paris,KELP,SEASHELLS,2048.0,1
10571,570600,Charlie,Paris,KELP,SEASHELLS,2048.0,1
10573,570700,Charlie,Paris,KELP,SEASHELLS,2048.0,1
10592,571800,Paris,Charlie,KELP,SEASHELLS,2051.0,2
10601,572600,Charlie,Paris,KELP,SEASHELLS,2048.0,2
10608,573100,Charlie,Caesar,KELP,SEASHELLS,2049.0,4
10610,573200,Gina,Paris,KELP,SEASHELLS,2048.0,1
10611,573200,Paris,Charlie,KELP,SEASHELLS,2051.0,1
10629,574500,Charlie,Paris,KELP,SEASHELLS,2048.0,1
10631,574600,Camilla,Paris,KELP,SEASHELLS,2048.0,1
10633,574800,Gina,Charlie,KELP,SEASHELLS,2050.0,7
10641,575700,Paris,Camilla,KELP,SEASHELLS,2050.0,1
10642,575700,Paris,Camilla,KELP,SEASHELLS,2050.0,2
10645,575800,Charlie,Paris,KELP,SEASHELLS,2048.0,1
10659,576600,Charlie,Paris,KELP,SEASHELLS,2048.0,1
10665,576900,Camilla,Penelope,KELP,SEASHELLS,2048.0,5
10666,576900,Charlie,Penelope,KELP,SEASHELLS,2048.0,7
10688,577500,Gina,Camilla,KELP,SEASHELLS,2050.0,1
10691,577600,Paris,Charlie,KELP,SEASHELLS,2050.0,1
10704,578400,Charlie,Paris,KELP,SEASHELLS,2048.0,1
10707,578700,Charlie,Paris,KELP,SEASHELLS,2048.0,1
10714,579300,Charlie,Paris,KELP,SEASHELLS,2048.0,1
10716,579400,Paris,Charlie,KELP,SEASHELLS,2050.0,1
10723,579500,Charlie,Paris,KELP,SEASHELLS,2048.0,1
10728,579900,Charlie,Gary,KELP,SEASHELLS,2048.0,14
10729,579900,Charlie,Caesar,KELP,SEASHELLS,2049.0,4
10739,580300,Pablo,Camilla,KELP,SEASHELLS,2050.0,1
10742,580400,Penelope,Charlie,KELP,SEASHELLS,2051.0,10
10757,581000,Charlie,Paris,KELP,SEASHELLS,2048.0,1
10759,581200,Charlie,Paris,KELP,SEASHELLS,2048.0,1
10763,581700,Charlie,Paris,KELP,SEASHELLS,2048.0,1
10780,583000,Camilla,Paris,KELP,SEASHELLS,2048.0,1
10781,583000,Paris,Charlie,KELP,SEASHELLS,2051.0,2
10818,585400,Paris,Gary,KELP,SEASHELLS,2050.0,1
10822,585600,Paris,Charlie,KELP,SEASHELLS,2051.0,2
10832,585800,Camilla,Gary,KELP,SEASHELLS,2047.0,4
10833,585800,Charlie,Gary,KELP,SEASHELLS,2047.0,11
10839,586000,Paris,Camilla,KELP,SEASHELLS,2049.0,1
10841,586300,Charlie,Paris,KELP,SEASHELLS,2047.0,1
10842,586600,Paris,Gina,KELP,SEASHELLS,2050.0,1
10843,586600,Charlie,Paris,KELP,SEASHELLS,2047.0,1
10854,587400,Charlie,Paris,KELP,SEASHELLS,2048.0,1
10856,587500,Charlie,Pablo,KELP,SEASHELLS,2048.0,3
10858,587600,Gary,Charlie,KELP,SEASHELLS,2051.0,12
10863,588000,Penelope,Charlie,KELP,SEASHELLS,2051.0,7
10871,588300,Paris,Camilla,KELP,SEASHELLS,2049.0,1
10873,588400,Paris,Charlie,KELP,SEASHELLS,2051.0,1
10880,588800,Camilla,Pablo,KELP,SEASHELLS,2048.0,2
10883,588900,Paris,Charlie,KELP,SEASHELLS,2050.0,1
10885,589100,Paris,Charlie,KELP,SEASHELLS,2051.0,1
10906,589900,Caesar,Paris,KELP,SEASHELLS,2048.0,1
10910,590000,Camilla,Paris,KELP,SEASHELLS,2048.0,1
10914,590200,Paris,Charlie,KELP,SEASHELLS,2051.0,1
10916,590400,Paris,Gary,KELP,SEASHELLS,2049.0,1
10930,590800,Charlie,Paris,KELP,SEASHELLS,2047.0,1
10934,591300,Caesar,Camilla,KELP,SEASHELLS,2049.0,4
10940,591400,Charlie,Paris,KELP,SEASHELLS,2048.0,1
10944,591500,Charlie,Paris,KELP,SEASHELLS,2047.0,2
10950,591800,Paris,Camilla,KELP,SEASHELLS,2050.0,1
10951,591800,Charlie,Gary,KELP,SEASHELLS,2047.0,9
10954,592100,Paris,Charlie,KELP,SEASHELLS,2050.0,1
10957,592400,Paris,Charlie,KELP,SEASHELLS,2051.0,1
10962,592700,Gary,Paris,KELP,SEASHELLS,2048.0,1
10963,592700,Penelope,Charlie,KELP,SEASHELLS,2051.0,14
10968,592800,Charlie,Penelope,KELP,SEASHELLS,2047.0,11
10975,593000,Gary,Charlie,KELP,SEASHELLS,2051.0,11
11013,594400,Charlie,Penelope,KELP,SEASHELLS,2047.0,9
11024,595400,Charlie,Paris,KELP,SEASHELLS,2047.0,1
11031,595700,Charlie,Paris,KELP,SEASHELLS,2047.0,1
11034,595800,Penelope,Charlie,KELP,SEASHELLS,2051.0,11
11037,595900,Charlie,Paris,KELP,SEASHELLS,2047.0,1
11039,596000,Gary,Charlie,KELP,SEASHELLS,2050.0,12
11042,596300,Pablo,Camilla,KELP,SEASHELLS,2049.0,3
11045,596400,Charlie,Pablo,KELP,SEASHELLS,2047.0,4
11051,597200,Camilla,Paris,KELP,SEASHELLS,2047.0,1
11056,597800,Charlie,Penelope,KELP,SEASHELLS,2047.0,6
11063,598900,Camilla,Paris,KELP,SEASHELLS,2047.0,1
11066,599200,Penelope,Camilla,KELP,SEASHELLS,2049.0,1
11075,599700,Caesar,Paris,KELP,SEASHELLS,2048.0,1
11078,600100,Paris,Charlie,KELP,SEASHELLS,2050.0,1
11110,602000,Charlie,Paris,KELP,SEASHELLS,2047.0,1
11117,602400,Charlie,Caesar,KELP,SEASHELLS,2048.0,5
11119,602500,Paris,Camilla,KELP,SEASHELLS,2049.0,1
11131,602600,Charlie,Paris,KELP,SEASHELLS,2047.0,1
11139,603100,Charlie,Paris,KELP,SEASHELLS,2047.0,1
11145,603200,Paris,Caesar,KELP,SEASHELLS,2049.0,1
11150,603700,Pablo,Charlie,KELP,SEASHELLS,2049.0,3
11154,604000,Penelope,Charlie,KELP,SEASHELLS,2050.0,11
11169,604500,Charlie,Paris,KELP,SEASHELLS,2047.0,1
11171,604600,Charlie,Paris,KELP,SEASHELLS,2047.0,1
11176,604900,Camilla,Paris,KELP,SEASHELLS,2047.0,1
11180,605000,Paris,Charlie,KELP,SEASHELLS,2050.0,1
11184,605300,Charlie,Caesar,KELP,SEASHELLS,2048.0,6
11196,605700,Paris,Charlie,KELP,SEASHELLS,2049.0,1
11212,606300,Paris,Charlie,KELP,SEASHELLS,2050.0,1
11217,606700,Charlie,Paris,KELP,SEASHELLS,2047.0,1
11220,607200,Charlie,Paris,KELP,SEASHELLS,2047.0,1
11230,607700,Charlie,Pablo,KELP,SEASHELLS,2047.0,3
11232,607900,Charlie,Caesar,KELP,SEASHELLS,2048.0,3
11233,608100,Charlie,Paris,KELP,SEASHELLS,2047.0,1
11234,608100,Gary,Charlie,KELP,SEASHELLS,2050.0,8
11250,608400,Paris,Charlie,KELP,SEASHELLS,2049.0,1
11255,608900,Charlie,Paris,KELP,SEASHELLS,2047.0,1
11263,609400,Charlie,Paris,KELP,SEASHELLS,2047.0,1
11273,610000,Paris,Charlie,KELP,SEASHELLS,2049.0,1
11274,610100,Camilla,Gina,KELP,SEASHELLS,2047.0,3
11275,610100,Charlie,Gina,KELP,SEASHELLS,2047.0,4
11304,612200,Charlie,Paris,KELP,SEASHELLS,2046.0,1
11314,612700,Charlie,Pablo,KELP,SEASHELLS,2047.0,5
11315,612700,Charlie,Caesar,KELP,SEASHELLS,2047.0,5
11325,613000,Penelope,Charlie,KELP,SEASHELLS,2050.0,9
11326,613000,Charlie,Paris,KELP,SEASHELLS,2046.0,1
11332,614000,Charlie,Pablo,KELP,SEASHELLS,2046.0,4
11339,614200,Charlie,Penelope,KELP,SEASHELLS,2045.0,12
11345,614500,Charlie,Gina,KELP,SEASHELLS,2045.0,7
11348,614700,Paris,Camilla,KELP,SEASHELLS,2047.0,1
11349,614700,Paris,Camilla,KELP,SEASHELLS,2047.0,1
11354,615000,Paris,Charlie,KELP,SEASHELLS,2049.0,2
11358,615200,Camilla,Paris,KELP,SEASHELLS,2045.0,1
11371,615600,Penelope,Charlie,KELP,SEASHELLS,2049.0,9
11379,616300,Caesar,Paris,KELP,SEASHELLS,2046.0,1
11383,616400,Charlie,Gina,KELP,SEASHELLS,2046.0,7
11393,617100,Charlie,Paris,KELP,SEASHELLS,2045.0,1
11398,617400,Paris,Charlie,KELP,SEASHELLS,2047.0,1
11408,617800,Paris,Charlie,KELP,SEASHELLS,2046.0,1
11412,617900,Paris,Charlie,KELP,SEASHELLS,2046.0,1
11415,618300,Charlie,Paris,KELP,SEASHELLS,2044.0,1
11418,618400,Paris,Charlie,KELP,SEASHELLS,2047.0,2
11420,618500,Paris,Charlie,KELP,SEASHELLS,2046.0,1
11424,618700,Paris,Charlie,KELP,SEASHELLS,2047.0,1
11425,618700,Pablo,Charlie,KELP,SEASHELLS,2046.0,4
11453,619900,Paris,Camilla,KELP,SEASHELLS,2047.0,1
11458,620300,Gina,Penelope,KELP,SEASHELLS,2047.0,7
11470,621100,Caesar,Gina,KELP,SEASHELLS,2046.0,2
11471,621100,Charlie,Gina,KELP,SEASHELLS,2046.0,6
11479,621500,Gary,Charlie,KELP,SEASHELLS,2049.0,11
11481,621600,Caesar,Paris,KELP,SEASHELLS,2046.0,1
11488,622100,Camilla,Paris,KELP,SEASHELLS,2045.0,1
11497,622300,Paris,Charlie,KELP,SEASHELLS,2047.0,1
11500,622600,Paris,Charlie,KELP,SEASHELLS,2047.0,1
11506,622700,Charlie,Paris,KELP,SEASHELLS,2044.0,2
11508,622900,Pablo,Paris,KELP,SEASHELLS,2046.0,2
11515,623200,Charlie,Paris,KELP,SEASHELLS,2044.0,1
11518,623600,Charlie,Gary,KELP,SEASHELLS,2045.0,15
11529,624000,Gary,Charlie,KELP,SEASHELLS,2048.0,9
11535,624100,Pablo,Camilla,KELP,SEASHELLS,2046.0,2
11553,624700,Paris,Charlie,KELP,SEASHELLS,2047.0,1
11579,625700,Charlie,Penelope,KELP,SEASHELLS,2045.0,8
11581,625800,Paris,Pablo,KELP,SEASHELLS,2046.0,1
11582,625800,Charlie,Pablo,KELP,SEASHELLS,2046.0,3
11592,626800,Charlie,Paris,KELP,SEASHELLS,2046.0,1
11605,628300,Penelope,Charlie,KELP,SEASHELLS,2049.0,6
11607,628400,Camilla,Pablo,KELP,SEASHELLS,2045.0,2
11619,629100,Charlie,Pablo,KELP,SEASHELLS,2045.0,2
11620,629100,Charlie,Paris,KELP,SEASHELLS,2045.0,1
11631,629300,Gina,Charlie,KELP,SEASHELLS,2047.0,10
11634,629400,Charlie,Penelope,KELP,SEASHELLS,2045.0,11
11636,629500,Charlie,Paris,KELP,SEASHELLS,2045.0,1
11647,630000,Camilla,Penelope,KELP,SEASHELLS,2045.0,5
11648,630000,Charlie,Penelope,KELP,SEASHELLS,2045.0,7
11652,630800,Paris,Charlie,KELP,SEASHELLS,2047.0,1
11654,631100,Charlie,Caesar,KELP,SEASHELLS,2046.0,4
11667,632300,Gary,Caesar,KELP,SEASHELLS,2046.0,3
11672,632500,Charlie,Paris,KELP,SEASHELLS,2045.0,1
11674,633100,Charlie,Paris,KELP,SEASHELLS,2045.0,1
11677,633200,Paris,Camilla,KELP,SEASHELLS,2047.0,1
11679,633300,Pablo,Charlie,KELP,SEASHELLS,2047.0,3
11683,633400,Paris,Charlie,KELP,SEASHELLS,2047.0,1
11685,633500,Charlie,Paris,KELP,SEASHELLS,2045.0,1
11686,633500,Charlie,Gina,KELP,SEASHELLS,2046.0,10
11692,634100,Penelope,Charlie,KELP,SEASHELLS,2049.0,9
11699,634900,Camilla,Pablo,KELP,SEASHELLS,2046.0,4
11700,634900,Charlie,Pablo,KELP,SEASHELLS,2046.0,1
11714,635000,Paris,Charlie,KELP,SEASHELLS,2049.0,1
11718,635500,Charlie,Paris,KELP,SEASHELLS,2046.0,1
11727,636100,Caesar,Paris,KELP,SEASHELLS,2046.0,1
11733,636200,Camilla,Paris,KELP,SEASHELLS,2046.0,1
11735,636300,Caesar,Paris,KELP,SEASHELLS,2046.0,1
11737,636400,Paris,Paris,KELP,SEASHELLS,2048.0,1
11741,636600,Caesar,Gina,KELP,SEASHELLS,2046.0,4
11742,636600,Camilla,Gina,KELP,SEASHELLS,2046.0,6
11746,636900,Charlie,Paris,KELP,SEASHELLS,2046.0,1
11750,637200,Paris,Charlie,KELP,SEASHELLS,2048.0,1
11753,637300,Charlie,Pablo,KELP,SEASHELLS,2046.0,2
11768,637900,Paris,Charlie,KELP,SEASHELLS,2048.0,1
11778,638500,Charlie,Paris,KELP,SEASHELLS,2046.0,1
11779,638500,Charlie,Paris,KELP,SEASHELLS,2046.0,1
11786,639000,Camilla,Paris,KELP,SEASHELLS,2046.0,1
11788,639100,Charlie,Gina,KELP,SEASHELLS,2046.0,8
11797,639600,Charlie,Caesar,KELP,SEASHELLS,2047.0,2
11810,640800,Pablo,Paris,KELP,SEASHELLS,2048.0,1
11811,640800,Pablo,Camilla,KELP,SEASHELLS,2048.0,2
11814,640900,Charlie,Pablo,KELP,SEASHELLS,2047.0,5
11823,641600,Charlie,Paris,KELP,SEASHELLS,2046.0,1
11829,641900,Charlie,Caesar,KELP,SEASHELLS,2047.0,5
11837,642600,Paris,Charlie,KELP,SEASHELLS,2050.0,1
11842,642900,Paris,Charlie,KELP,SEASHELLS,2050.0,2
11846,643100,Charlie,Pablo,KELP,SEASHELLS,2047.0,4
11854,643800,Charlie,Penelope,KELP,SEASHELLS,2046.0,9
11858,644000,Paris,Charlie,KELP,SEASHELLS,2049.0,1
11869,644200,Caesar,Gary,KELP,SEASHELLS,2047.0,2
11872,644500,Paris,Camilla,KELP,SEASHELLS,2048.0,1
11875,644800,Caesar,Paris,KELP,SEASHELLS,2047.0,1
11879,645100,Caesar,Paris,KELP,SEASHELLS,2046.0,1
11880,645100,Charlie,Paris,KELP,SEASHELLS,2045.0,1
11885,645500,Caesar,Pablo,KELP,SEASHELLS,2046.0,1
11902,646200,Paris,Paris,KELP,SEASHELLS,2048.0,1
11920,647400,Caesar,Paris,KELP,SEASHELLS,2046.0,1
11922,647600,Paris,Charlie,KELP,SEASHELLS,2049.0,1
11935,648300,Paris,Gina,KELP,SEASHELLS,2048.0,1
11936,648300,Gary,Gina,KELP,SEASHELLS,2046.0,6
11943,649000,Paris,Charlie,KELP,SEASHELLS,2048.0,1
11945,649200,Camilla,Paris,KELP,SEASHELLS,2046.0,1
11947,649300,Penelope,Charlie,KELP,SEASHELLS,2049.0,11
11949,649400,Charlie,Paris,KELP,SEASHELLS,2046.0,1
11955,649900,Charlie,Paris,KELP,SEASHELLS,2046.0,1
11964,650300,Paris,Charlie,KELP,SEASHELLS,2048.0,1
11968,651000,Paris,Charlie,KELP,SEASHELLS,2048.0,1
11976,651500,Charlie,Paris,KELP,SEASHELLS,2046.0,1
11977,651500,Paris,Charlie,KELP,SEASHELLS,2049.0,2
11980,651600,Caesar,Gary,KELP,SEASHELLS,2047.0,2
11983,651900,Paris,Charlie,KELP,SEASHELLS,2049.0,2
11987,652100,Paris,Charlie,KELP,SEASHELLS,2049.0,2
11990,652300,Penelope,Charlie,KELP,SEASHELLS,2049.0,13
12003,652700,Charlie,Penelope,KELP,SEASHELLS,2045.0,13
12005,652800,Paris,Charlie,KELP,SEASHELLS,2049.0,2
12010,653200,Charlie,Paris,KELP,SEASHELLS,2045.0,1
12013,653400,Paris,Camilla,KELP,SEASHELLS,2047.0,1
12017,653700,Charlie,Paris,KELP,SEASHELLS,2046.0,1
12021,653800,Camilla,Gina,KELP,SEASHELLS,2046.0,2
12022,653800,Charlie,Gina,KELP,SEASHELLS,2046.0,7
12023,653800,Paris,Charlie,KELP,SEASHELLS,2049.0,2
12027,653900,Paris,Camilla,KELP,SEASHELLS,2048.0,1
12030,654100,Paris,Charlie,KELP,SEASHELLS,2048.0,1
12031,654300,Charlie,Penelope,KELP,SEASHELLS,2046.0,12
12034,654500,Paris,Charlie,KELP,SEASHELLS,2049.0,2
12039,654800,Charlie,Caesar,KELP,SEASHELLS,2047.0,2
12047,655000,Camilla,Paris,KELP,SEASHELLS,2046.0,1
12048,655000,Camilla,Paris,KELP,SEASHELLS,2046.0,2
12060,656300,Charlie,Paris,KELP,SEASHELLS,2046.0,1
12061,656300,Penelope,Camilla,KELP,SEASHELLS,2048.0,8
12062,656300,Penelope,Charlie,KELP,SEASHELLS,2048.0,1
12067,656400,Pablo,Paris,KELP,SEASHELLS,2048.0,1
12068,656400,Paris,Charlie,KELP,SEASHELLS,2049.0,2
12069,656400,Pablo,Charlie,KELP,SEASHELLS,2048.0,4
12073,656600,Penelope,Charlie,KELP,SEASHELLS,2049.0,6
12074,656600,Charlie,Paris,KELP,SEASHELLS,2046.0,2
12084,656900,Charlie,Paris,KELP,SEASHELLS,2046.0,1
12094,657700,Charlie,Paris,KELP,SEASHELLS,2046.0,1
12097,657800,Charlie,Pablo,KELP,SEASHELLS,2047.0,2
12102,658400,Charlie,Paris,KELP,SEASHELLS,2046.0,2
12115,658700,Charlie,Paris,KELP,SEASHELLS,2046.0,1
12122,659700,Charlie,Penelope,KELP,SEASHELLS,2046.0,11
12133,660500,Charlie,Paris,KELP,SEASHELLS,2046.0,1
12147,660800,Charlie,Paris,KELP,SEASHELLS,2046.0,1
12149,660900,Charlie,Paris,KELP,SEASHELLS,2046.0,2
12172,662200,Charlie,Paris,KELP,SEASHELLS,2046.0,2
12178,662600,Penelope,Charlie,KELP,SEASHELLS,2049.0,15
12179,662600,Paris,Charlie,KELP,SEASHELLS,2048.0,1
12183,662700,Charlie,Paris,KELP,SEASHELLS,2046.0,1
12186,663000,Gina,Camilla,KELP,SEASHELLS,2048.0,3
12194,663800,Penelope,Charlie,KELP,SEASHELLS,2049.0,11
12197,664200,Charlie,Paris,KELP,SEASHELLS,2046.0,1
12202,664500,Paris,Camilla,KELP,SEASHELLS,2048.0,1
12209,664800,Paris,Pablo,KELP,SEASHELLS,2047.0,1
12210,664800,Charlie,Pablo,KELP,SEASHELLS,2047.0,4
12221,665500,Paris,Charlie,KELP,SEASHELLS,2049.0,1
12227,665800,Charlie,Gary,KELP,SEASHELLS,2046.0,14
12228,665800,Paris,Charlie,KELP,SEASHELLS,2050.0,1
12267,666700,Paris,Charlie,KELP,SEASHELLS,2050.0,2
12269,666800,Charlie,Paris,KELP,SEASHELLS,2046.0,1
12272,667000,Charlie,Pablo,KELP,SEASHELLS,2047.0,4
12290,667200,Paris,Charlie,KELP,SEASHELLS,2049.0,1
12303,667600,Charlie,Gina,KELP,SEASHELLS,2047.0,10
12304,667600,Charlie,Caesar,KELP,SEASHELLS,2047.0,5
12307,667800,Charlie,Paris,KELP,SEASHELLS,2046.0,1
12309,668000,Camilla,Paris,KELP,SEASHELLS,2046.0,1
12313,668300,Pablo,Caesar,KELP,SEASHELLS,2048.0,3
12314,668300,Charlie,Paris,KELP,SEASHELLS,2046.0,1
12324,669200,Penelope,Charlie,KELP,SEASHELLS,2050.0,13
12333,669900,Pablo,Camilla,KELP,SEASHELLS,2048.0,3
12336,670100,Charlie,Paris,KELP,SEASHELLS,2046.0,1
12341,671000,Paris,Charlie,KELP,SEASHELLS,2049.0,1
12349,671800,Charlie,Paris,KELP,SEASHELLS,2047.0,1
12357,672300,Charlie,Gina,KELP,SEASHELLS,2047.0,9
12364,672500,Paris,Charlie,KELP,SEASHELLS,2050.0,1
12367,672600,Charlie,Paris,KELP,SEASHELLS,2047.0,1
12369,672800,Penelope,Charlie,KELP,SEASHELLS,2050.0,8
12372,673000,Paris,Charlie,KELP,SEASHELLS,2050.0,2
12375,673100,Paris,Charlie,KELP,SEASHELLS,2050.0,1
12382,674100,Paris,Camilla,KELP,SEASHELLS,2049.0,1
12390,674700,Caesar,Paris,KELP,SEASHELLS,2047.0,1
12397,675000,Paris,Caesar,KELP,SEASHELLS,2049.0,1
12401,675100,Paris,Camilla,KELP,SEASHELLS,2049.0,1
12425,676100,Paris,Charlie,KELP,SEASHELLS,2050.0,2
12428,676200,Penelope,Charlie,KELP,SEASHELLS,2050.0,15
12442,676800,Paris,Caesar,KELP,SEASHELLS,2049.0,2
12446,677100,Paris,Camilla,KELP,SEASHELLS,2048.0,1
12450,677200,Paris,Charlie,KELP,SEASHELLS,2049.0,1
12456,677600,Charlie,Paris,KELP,SEASHELLS,2046.0,2
12458,677800,Charlie,Paris,KELP,SEASHELLS,2046.0,2
12472,678000,Paris,Charlie,KELP,SEASHELLS,2050.0,1
12473,678000,Paris,Charlie,KELP,SEASHELLS,2049.0,1
12477,678400,Charlie,Paris,KELP,SEASHELLS,2046.0,1
12480,678500,Paris,Camilla,KELP,SEASHELLS,2048.0,2
12491,679400,Charlie,Paris,KELP,SEASHELLS,2047.0,2
12494,679500,Charlie,Pablo,KELP,SEASHELLS,2047.0,3
12504,679700,Charlie,Paris,KELP,SEASHELLS,2047.0,1
12508,679800,Camilla,Paris,KELP,SEASHELLS,2047.0,1
12512,680300,Camilla,Pablo,KELP,SEASHELLS,2047.0,2
12513,680300,Charlie,Pablo,KELP,SEASHELLS,2047.0,1
12514,680400,Caesar,Paris,KELP,SEASHELLS,2047.0,1
12520,681200,Charlie,Paris,KELP,SEASHELLS,2047.0,2
12528,681500,Charlie,Paris,KELP,SEASHELLS,2047.0,1
12530,681600,Paris,Charlie,KELP,SEASHELLS,2049.0,1
12539,682000,Paris,Charlie,KELP,SEASHELLS,2050.0,1
12542,682100,Charlie,Penelope,KELP,SEASHELLS,2047.0,9
12545,682200,Charlie,Paris,KELP,SEASHELLS,2047.0,1
12555,682700,Paris,Charlie,KELP,SEASHELLS,2049.0,1
12560,683300,Charlie,Caesar,KELP,SEASHELLS,2048.0,2
12572,683800,Charlie,Penelope,KELP,SEASHELLS,2047.0,14
12578,684500,Caesar,Paris,KELP,SEASHELLS,2047.0,1
12588,685000,Charlie,Paris,KELP,SEASHELLS,2047.0,1
12596,685400,Paris,Charlie,KELP,SEASHELLS,2049.0,1
12615,686400,Charlie,Pablo,KELP,SEASHELLS,2047.0,4
