,timestamp,buyer,seller,symbol,currency,price,quantity
1,100,Charlie,Paris,RAINFOREST_RESIN,SEASHELLS,9999.0,1
11,700,Charlie,Gina,RAINFOREST_RESIN,SEASHELLS,9997.0,9
13,900,Charlie,Pablo,RAINFOREST_RESIN,SEASHELLS,9998.0,4
21,1300,Paris,Camilla,RAINFOREST_RESIN,SEASHELLS,10003.0,1
29,2100,Penelope,Charlie,RAINFOREST_RESIN,SEASHELLS,10008.0,4
56,4500,Charlie,Pablo,RAINFOREST_RESIN,SEASHELLS,9998.0,3
62,4800,Charlie,Gary,RAINFOREST_RESIN,SEASHELLS,9992.0,7
70,5100,Paris,Camilla,RAINFOREST_RESIN,SEASHELLS,10003.0,2
71,5300,Charlie,Penelope,RAINFOREST_RESIN,SEASHELLS,9992.0,7
92,6300,Paris,Charlie,RAINFOREST_RESIN,SEASHELLS,10001.0,1
94,6400,Paris,Pablo,RAINFOREST_RESIN,SEASHELLS,10001.0,1
95,6600,Charlie,Paris,RAINFOREST_RESIN,SEASHELLS,9999.0,1
97,6800,Penelope,Charlie,RAINFOREST_RESIN,SEASHELLS,10008.0,4
105,7300,Paris,Penelope,RAINFOREST_RESIN,SEASHELLS,10001.0,1
124,9000,Penelope,Camilla,RAINFOREST_RESIN,SEASHELLS,10003.0,8
129,9300,Charlie,Pablo,RAINFOREST_RESIN,SEASHELLS,9992.0,5
151,10300,Charlie,Pablo,RAINFOREST_RESIN,SEASHELLS,9998.0,5
161,11300,Pablo,Charlie,RAINFOREST_RESIN,SEASHELLS,10008.0,5
188,13500,Pablo,Charlie,RAINFOREST_RESIN,SEASHELLS,10008.0,4
192,13800,Charlie,Paris,RAINFOREST_RESIN,SEASHELLS,9999.0,1
198,14000,Paris,Charlie,RAINFOREST_RESIN,SEASHELLS,10008.0,2
226,15300,Caesar,Paris,RAINFOREST_RESIN,SEASHELLS,9999.0,1
235,16300,Charlie,Paris,RAINFOREST_RESIN,SEASHELLS,9992.0,1
239,16400,Paris,Caesar,RAINFOREST_RESIN,SEASHELLS,10001.0,1
242,16600,Paris,Paris,RAINFOREST_RESIN,SEASHELLS,10001.0,1
245,16700,Charlie,Paris,RAINFOREST_RESIN,SEASHELLS,9992.0,1
248,17300,Paris,Charlie,RAINFOREST_RESIN,SEASHELLS,10008.0,2
264,18200,Paris,Paris,RAINFOREST_RESIN,SEASHELLS,10001.0,1
265,18500,Charlie,Penelope,RAINFOREST_RESIN,SEASHELLS,9992.0,6
279,19300,Penelope,Charlie,RAINFOREST_RESIN,SEASHELLS,10008.0,5
281,19400,Paris,Charlie,RAINFOREST_RESIN,SEASHELLS,10001.0,1
298,19900,Paris,Pablo,RAINFOREST_RESIN,SEASHELLS,9998.0,1
306,20300,Charlie,Gary,RAINFOREST_RESIN,SEASHELLS,9992.0,7
320,21300,Charlie,Paris,RAINFOREST_RESIN,SEASHELLS,9999.0,1
332,21600,Paris,Charlie,RAINFOREST_RESIN,SEASHELLS,10008.0,1
344,22200,Caesar,Paris,RAINFOREST_RESIN,SEASHELLS,9999.0,1
348,22500,Pablo,Charlie,RAINFOREST_RESIN,SEASHELLS,10008.0,4
353,22700,Charlie,Pablo,RAINFOREST_RESIN,SEASHELLS,9998.0,4
368,23400,Paris,Charlie,RAINFOREST_RESIN,SEASHELLS,10008.0,2
376,23900,Camilla,Penelope,RAINFOREST_RESIN,SEASHELLS,9997.0,5
378,24000,Penelope,Charlie,RAINFOREST_RESIN,SEASHELLS,10008.0,8
385,24300,Paris,Charlie,RAINFOREST_RESIN,SEASHELLS,10008.0,1
413,26700,Charlie,Pablo,RAINFOREST_RESIN,SEASHELLS,9992.0,4
427,27500,Paris,Charlie,RAINFOREST_RESIN,SEASHELLS,10001.0,1
430,27700,Pablo,Charlie,RAINFOREST_RESIN,SEASHELLS,10008.0,4
439,28100,Charlie,Penelope,RAINFOREST_RESIN,SEASHELLS,9992.0,8
441,28400,Pablo,Charlie,RAINFOREST_RESIN,SEASHELLS,10008.0,4
446,28700,Charlie,Penelope,RAINFOREST_RESIN,SEASHELLS,9992.0,5
451,29100,Gary,Caesar,RAINFOREST_RESIN,SEASHELLS,10000.0,2
475,30400,Charlie,Gary,RAINFOREST_RESIN,SEASHELLS,9992.0,8
476,30500,Penelope,Charlie,RAINFOREST_RESIN,SEASHELLS,10008.0,5
482,30800,Gina,Caesar,RAINFOREST_RESIN,SEASHELLS,10003.0,11
494,31400,Penelope,Charlie,RAINFOREST_RESIN,SEASHELLS,10008.0,6
518,32500,Pablo,Caesar,RAINFOREST_RESIN,SEASHELLS,10002.0,5
532,33400,Paris,Charlie,RAINFOREST_RESIN,SEASHELLS,10008.0,2
538,34000,Charlie,Gary,RAINFOREST_RESIN,SEASHELLS,9992.0,6
539,34100,Charlie,Paris,RAINFOREST_RESIN,SEASHELLS,9999.0,1
541,34600,Gary,Charlie,RAINFOREST_RESIN,SEASHELLS,10008.0,6
542,34600,Paris,Charlie,RAINFOREST_RESIN,SEASHELLS,10008.0,1
544,34700,Charlie,Pablo,RAINFOREST_RESIN,SEASHELLS,9992.0,6
545,34700,Charlie,Paris,RAINFOREST_RESIN,SEASHELLS,9999.0,1
558,35300,Paris,Caesar,RAINFOREST_RESIN,SEASHELLS,10001.0,1
561,35400,Charlie,Paris,RAINFOREST_RESIN,SEASHELLS,9999.0,1
572,36000,Paris,Charlie,RAINFOREST_RESIN,SEASHELLS,10008.0,1
575,36700,Paris,Charlie,RAINFOREST_RESIN,SEASHELLS,10001.0,1
594,37300,Charlie,Penelope,RAINFOREST_RESIN,SEASHELLS,9992.0,4
596,37700,Pablo,Charlie,RAINFOREST_RESIN,SEASHELLS,10008.0,5
602,37900,Charlie,Paris,RAINFOREST_RESIN,SEASHELLS,9992.0,2
604,38100,Charlie,Paris,RAINFOREST_RESIN,SEASHELLS,9999.0,1
614,38800,Pablo,Charlie,RAINFOREST_RESIN,SEASHELLS,10008.0,4
615,39200,Penelope,Charlie,RAINFOREST_RESIN,SEASHELLS,10008.0,8
624,39900,Charlie,Pablo,RAINFOREST_RESIN,SEASHELLS,9992.0,4
626,40100,Penelope,Charlie,RAINFOREST_RESIN,SEASHELLS,10008.0,7
647,41500,Charlie,Paris,RAINFOREST_RESIN,SEASHELLS,9999.0,1
663,43200,Charlie,Paris,RAINFOREST_RESIN,SEASHELLS,9999.0,1
672,43700,Gina,Camilla,RAINFOREST_RESIN,SEASHELLS,10003.0,5
676,44200,Pablo,Charlie,RAINFOREST_RESIN,SEASHELLS,10002.0,5
678,44400,Charlie,Paris,RAINFOREST_RESIN,SEASHELLS,9999.0,1
693,45200,Charlie,Gary,RAINFOREST_RESIN,SEASHELLS,9992.0,6
699,45400,Paris,Gina,RAINFOREST_RESIN,SEASHELLS,10001.0,1
707,46000,Charlie,Pablo,RAINFOREST_RESIN,SEASHELLS,9992.0,4
741,48200,Charlie,Paris,RAINFOREST_RESIN,SEASHELLS,9992.0,1
744,48300,Paris,Charlie,RAINFOREST_RESIN,SEASHELLS,10008.0,1
757,48400,Pablo,Charlie,RAINFOREST_RESIN,SEASHELLS,10002.0,5
759,48500,Charlie,Paris,RAINFOREST_RESIN,SEASHELLS,9999.0,1
760,48600,Charlie,Paris,RAINFOREST_RESIN,SEASHELLS,9992.0,2
782,50000,Charlie,Penelope,RAINFOREST_RESIN,SEASHELLS,9992.0,5
822,51500,Charlie,Gary,RAINFOREST_RESIN,SEASHELLS,9992.0,9
824,51600,Paris,Charlie,RAINFOREST_RESIN,SEASHELLS,10008.0,2
826,51700,Penelope,Charlie,RAINFOREST_RESIN,SEASHELLS,10008.0,8
830,52100,Charlie,Penelope,RAINFOREST_RESIN,SEASHELLS,9992.0,7
831,52200,Charlie,Paris,RAINFOREST_RESIN,SEASHELLS,9992.0,2
833,52400,Pablo,Caesar,RAINFOREST_RESIN,SEASHELLS,10002.0,3
839,52700,Charlie,Penelope,RAINFOREST_RESIN,SEASHELLS,9992.0,4
850,52800,Caesar,Paris,RAINFOREST_RESIN,SEASHELLS,9999.0,1
874,54500,Pablo,Charlie,RAINFOREST_RESIN,SEASHELLS,10002.0,5
881,55300,Pablo,Charlie,RAINFOREST_RESIN,SEASHELLS,10002.0,3
884,55400,Paris,Charlie,RAINFOREST_RESIN,SEASHELLS,10008.0,2
893,56100,Charlie,Penelope,RAINFOREST_RESIN,SEASHELLS,9992.0,4
898,56300,Gary,Charlie,RAINFOREST_RESIN,SEASHELLS,10008.0,6
930,57100,Paris,Gina,RAINFOREST_RESIN,SEASHELLS,10001.0,1
931,57100,Charlie,Gina,RAINFOREST_RESIN,SEASHELLS,9997.0,6
943,57600,Charlie,Pablo,RAINFOREST_RESIN,SEASHELLS,9998.0,4
949,57900,Paris,Charlie,RAINFOREST_RESIN,SEASHELLS,10008.0,1
975,58900,Charlie,Pablo,RAINFOREST_RESIN,SEASHELLS,9992.0,4
997,59900,Paris,Charlie,RAINFOREST_RESIN,SEASHELLS,10001.0,1
1007,60200,Paris,Charlie,RAINFOREST_RESIN,SEASHELLS,10008.0,1
1012,60700,Paris,Charlie,RAINFOREST_RESIN,SEASHELLS,10008.0,2
1013,60900,Gary,Charlie,RAINFOREST_RESIN,SEASHELLS,10008.0,7
1032,62300,Penelope,Charlie,RAINFOREST_RESIN,SEASHELLS,10008.0,8
1062,64100,Paris,Charlie,RAINFOREST_RESIN,SEASHELLS,10001.0,1
1065,64300,Paris,Charlie,RAINFOREST_RESIN,SEASHELLS,10008.0,1
1073,64800,Charlie,Paris,RAINFOREST_RESIN,SEASHELLS,9999.0,1
1090,65400,Paris,Charlie,RAINFOREST_RESIN,SEASHELLS,10008.0,1
1098,65700,Charlie,Pablo,RAINFOREST_RESIN,SEASHELLS,9992.0,5
1099,65700,Charlie,Gina,RAINFOREST_RESIN,SEASHELLS,9997.0,8
1145,67900,Charlie,Paris,RAINFOREST_RESIN,SEASHELLS,9992.0,1
1155,68300,Charlie,Pablo,RAINFOREST_RESIN,SEASHELLS,9998.0,4
1159,68900,Gina,Paris,RAINFOREST_RESIN,SEASHELLS,9999.0,1
1164,69100,Charlie,Paris,RAINFOREST_RESIN,SEASHELLS,9992.0,1
1172,69600,Penelope,Charlie,RAINFOREST_RESIN,SEASHELLS,10008.0,5
1186,70600,Charlie,Pablo,RAINFOREST_RESIN,SEASHELLS,9998.0,3
1189,71300,Charlie,Pablo,RAINFOREST_RESIN,SEASHELLS,9998.0,5
1202,71800,Paris,Charlie,RAINFOREST_RESIN,SEASHELLS,10001.0,1
1214,72500,Paris,Charlie,RAINFOREST_RESIN,SEASHELLS,10001.0,1
1225,73000,Charlie,Pablo,RAINFOREST_RESIN,SEASHELLS,9992.0,6
1232,73300,Pablo,Charlie,RAINFOREST_RESIN,SEASHELLS,10008.0,5
1235,73500,Paris,Charlie,RAINFOREST_RESIN,SEASHELLS,10008.0,1
1239,73700,Pablo,Paris,RAINFOREST_RESIN,SEASHELLS,10002.0,1
1240,73700,Pablo,Charlie,RAINFOREST_RESIN,SEASHELLS,10002.0,3
1242,73900,Charlie,Paris,RAINFOREST_RESIN,SEASHELLS,9999.0,1
1244,74000,Charlie,Penelope,RAINFOREST_RESIN,SEASHELLS,9992.0,8
1247,74200,Pablo,Charlie,RAINFOREST_RESIN,SEASHELLS,10008.0,5
1274,75300,Charlie,Paris,RAINFOREST_RESIN,SEASHELLS,9992.0,2
1303,76700,Pablo,Caesar,RAINFOREST_RESIN,SEASHELLS,10002.0,4
1312,77800,Caesar,Paris,RAINFOREST_RESIN,SEASHELLS,9999.0,1
1318,78300,Charlie,Paris,RAINFOREST_RESIN,SEASHELLS,9992.0,1
1321,78400,Charlie,Penelope,RAINFOREST_RESIN,SEASHELLS,9992.0,6
1328,78800,Charlie,Paris,RAINFOREST_RESIN,SEASHELLS,9999.0,1
1335,79300,Paris,Charlie,RAINFOREST_RESIN,SEASHELLS,10008.0,1
1358,80500,Camilla,Penelope,RAINFOREST_RESIN,SEASHELLS,9997.0,3
1359,80500,Charlie,Penelope,RAINFOREST_RESIN,SEASHELLS,9997.0,4
1360,80700,Pablo,Charlie,RAINFOREST_RESIN,SEASHELLS,10002.0,4
1367,80900,Paris,Charlie,RAINFOREST_RESIN,SEASHELLS,10008.0,1
1394,82300,Pablo,Charlie,RAINFOREST_RESIN,SEASHELLS,10002.0,3
1399,82500,Charlie,Paris,RAINFOREST_RESIN,SEASHELLS,9992.0,2
1406,82900,Penelope,Pablo,RAINFOREST_RESIN,SEASHELLS,9998.0,3
1431,84300,Gary,Paris,RAINFOREST_RESIN,SEASHELLS,9999.0,1
1438,85000,Charlie,Pablo,RAINFOREST_RESIN,SEASHELLS,9998.0,4
1446,85300,Paris,Charlie,RAINFOREST_RESIN,SEASHELLS,10008.0,2
1447,85400,Paris,Charlie,RAINFOREST_RESIN,SEASHELLS,10001.0,1
1453,85500,Charlie,Penelope,RAINFOREST_RESIN,SEASHELLS,9992.0,4
1454,85500,Charlie,Paris,RAINFOREST_RESIN,SEASHELLS,9992.0,1
1462,85900,Pablo,Charlie,RAINFOREST_RESIN,SEASHELLS,10008.0,6
1464,86100,Charlie,Pablo,RAINFOREST_RESIN,SEASHELLS,9998.0,4
1487,87400,Pablo,Charlie,RAINFOREST_RESIN,SEASHELLS,10008.0,6
1502,88300,Charlie,Penelope,RAINFOREST_RESIN,SEASHELLS,9992.0,8
1504,88400,Caesar,Paris,RAINFOREST_RESIN,SEASHELLS,9999.0,1
1518,89100,Charlie,Paris,RAINFOREST_RESIN,SEASHELLS,9999.0,1
1519,89200,Paris,Charlie,RAINFOREST_RESIN,SEASHELLS,10001.0,1
1521,89400,Penelope,Charlie,RAINFOREST_RESIN,SEASHELLS,10008.0,6
1523,89500,Penelope,Charlie,RAINFOREST_RESIN,SEASHELLS,10008.0,5
1550,90700,Charlie,Pablo,RAINFOREST_RESIN,SEASHELLS,9992.0,6
1561,90800,Penelope,Charlie,RAINFOREST_RESIN,SEASHELLS,10008.0,8
1565,91000,Charlie,Penelope,RAINFOREST_RESIN,SEASHELLS,9992.0,7
1566,91100,Paris,Charlie,RAINFOREST_RESIN,SEASHELLS,10008.0,1
1588,91900,Pablo,Charlie,RAINFOREST_RESIN,SEASHELLS,10008.0,5
1594,92100,Charlie,Paris,RAINFOREST_RESIN,SEASHELLS,9992.0,1
1621,93700,Charlie,Paris,RAINFOREST_RESIN,SEASHELLS,9999.0,1
1622,93800,Penelope,Pablo,RAINFOREST_RESIN,SEASHELLS,9998.0,5
1625,93900,Charlie,Paris,RAINFOREST_RESIN,SEASHELLS,9992.0,2
1646,95000,Paris,Charlie,RAINFOREST_RESIN,SEASHELLS,10001.0,1
1654,95900,Charlie,Penelope,RAINFOREST_RESIN,SEASHELLS,9992.0,8
1662,96500,Charlie,Pablo,RAINFOREST_RESIN,SEASHELLS,9998.0,4
1665,97000,Penelope,Charlie,RAINFOREST_RESIN,SEASHELLS,10008.0,8
1680,97700,Pablo,Caesar,RAINFOREST_RESIN,SEASHELLS,10002.0,3
1687,98100,Charlie,Paris,RAINFOREST_RESIN,SEASHELLS,9992.0,1
1688,98100,Caesar,Paris,RAINFOREST_RESIN,SEASHELLS,9999.0,1
1695,98400,Charlie,Paris,RAINFOREST_RESIN,SEASHELLS,9992.0,1
1709,99600,Pablo,Caesar,RAINFOREST_RESIN,SEASHELLS,10002.0,4
1716,100800,Camilla,Gary,RAINFOREST_RESIN,SEASHELLS,9997.0,5
1717,100800,Charlie,Gary,RAINFOREST_RESIN,SEASHELLS,9997.0,4
1720,100900,Charlie,Penelope,RAINFOREST_RESIN,SEASHELLS,9992.0,8
1757,102500,Charlie,Paris,RAINFOREST_RESIN,SEASHELLS,9992.0,2
1772,103300,Paris,Charlie,RAINFOREST_RESIN,SEASHELLS,10008.0,2
1779,103900,Camilla,Penelope,RAINFOREST_RESIN,SEASHELLS,9997.0,2
1780,103900,Charlie,Penelope,RAINFOREST_RESIN,SEASHELLS,9997.0,5
1816,105600,Paris,Charlie,RAINFOREST_RESIN,SEASHELLS,10001.0,1
1819,105700,Charlie,Penelope,RAINFOREST_RESIN,SEASHELLS,9992.0,4
1826,106100,Paris,Caesar,RAINFOREST_RESIN,SEASHELLS,10001.0,1
1827,106300,Penelope,Charlie,RAINFOREST_RESIN,SEASHELLS,10008.0,5
1855,107900,Gary,Charlie,RAINFOREST_RESIN,SEASHELLS,10008.0,8
1857,108000,Charlie,Paris,RAINFOREST_RESIN,SEASHELLS,9999.0,1
1869,108800,Caesar,Paris,RAINFOREST_RESIN,SEASHELLS,9999.0,1
1870,108800,Caesar,Paris,RAINFOREST_RESIN,SEASHELLS,10000.0,2
1874,109100,Paris,Charlie,RAINFOREST_RESIN,SEASHELLS,10008.0,2
1896,110200,Pablo,Charlie,RAINFOREST_RESIN,SEASHELLS,10002.0,3
1900,110500,Pablo,Charlie,RAINFOREST_RESIN,SEASHELLS,10008.0,5
1914,111500,Pablo,Gina,RAINFOREST_RESIN,SEASHELLS,9997.0,5
1915,111500,Charlie,Gina,RAINFOREST_RESIN,SEASHELLS,9997.0,6
1924,111800,Charlie,Paris,RAINFOREST_RESIN,SEASHELLS,9999.0,1
1935,112400,Charlie,Pablo,RAINFOREST_RESIN,SEASHELLS,9998.0,4
1942,113200,Charlie,Pablo,RAINFOREST_RESIN,SEASHELLS,9998.0,3
1963,114200,Penelope,Charlie,RAINFOREST_RESIN,SEASHELLS,10008.0,5
1980,114700,Charlie,Paris,RAINFOREST_RESIN,SEASHELLS,9992.0,1
1986,115000,Charlie,Paris,RAINFOREST_RESIN,SEASHELLS,9992.0,2
1994,115400,Charlie,Paris,RAINFOREST_RESIN,SEASHELLS,9992.0,1
2000,115600,Gina,Paris,RAINFOREST_RESIN,SEASHELLS,9999.0,1
2002,116000,Charlie,Paris,RAINFOREST_RESIN,SEASHELLS,9999.0,1
2005,116100,Gina,Charlie,RAINFOREST_RESIN,SEASHELLS,10003.0,9
2007,116300,Paris,Caesar,RAINFOREST_RESIN,SEASHELLS,10000.0,1
2023,116900,Charlie,Penelope,RAINFOREST_RESIN,SEASHELLS,9992.0,8
2050,119000,Charlie,Gary,RAINFOREST_RESIN,SEASHELLS,9992.0,9
2056,119700,Penelope,Pablo,RAINFOREST_RESIN,SEASHELLS,9998.0,5
2067,120400,Charlie,Penelope,RAINFOREST_RESIN,SEASHELLS,9992.0,8
2068,120600,Paris,Charlie,RAINFOREST_RESIN,SEASHELLS,10001.0,1
2069,120800,Pablo,Charlie,RAINFOREST_RESIN,SEASHELLS,10002.0,3
2084,121500,Penelope,Charlie,RAINFOREST_RESIN,SEASHELLS,10008.0,5
2086,121600,Charlie,Paris,RAINFOREST_RESIN,SEASHELLS,9999.0,1
2092,121900,Penelope,Charlie,RAINFOREST_RESIN,SEASHELLS,10008.0,5
2105,123100,Paris,Charlie,RAINFOREST_RESIN,SEASHELLS,10008.0,2
2109,123300,Penelope,Charlie,RAINFOREST_RESIN,SEASHELLS,10008.0,8
2130,125200,Paris,Caesar,RAINFOREST_RESIN,SEASHELLS,10001.0,1
2137,125600,Charlie,Penelope,RAINFOREST_RESIN,SEASHELLS,9992.0,5
2139,125800,Caesar,Pablo,RAINFOREST_RESIN,SEASHELLS,9998.0,5
2146,126400,Paris,Charlie,RAINFOREST_RESIN,SEASHELLS,10008.0,2
2149,126500,Paris,Charlie,RAINFOREST_RESIN,SEASHELLS,10008.0,1
2150,126600,Charlie,Paris,RAINFOREST_RESIN,SEASHELLS,9992.0,2
2214,129600,Penelope,Charlie,RAINFOREST_RESIN,SEASHELLS,10008.0,5
2223,130200,Paris,Charlie,RAINFOREST_RESIN,SEASHELLS,10008.0,2
2225,130400,Charlie,Paris,RAINFOREST_RESIN,SEASHELLS,9992.0,1
2240,130700,Charlie,Paris,RAINFOREST_RESIN,SEASHELLS,9992.0,1
2241,131000,Paris,Charlie,RAINFOREST_RESIN,SEASHELLS,10008.0,1
2252,131900,Charlie,Paris,RAINFOREST_RESIN,SEASHELLS,9999.0,1
2269,132500,Charlie,Paris,RAINFOREST_RESIN,SEASHELLS,9992.0,2
2273,132700,Gina,Caesar,RAINFOREST_RESIN,SEASHELLS,10003.0,10
2291,133800,Pablo,Charlie,RAINFOREST_RESIN,SEASHELLS,10008.0,5
2307,134700,Paris,Caesar,RAINFOREST_RESIN,SEASHELLS,10001.0,1
2312,134800,Penelope,Charlie,RAINFOREST_RESIN,SEASHELLS,10008.0,5
2316,135000,Charlie,Penelope,RAINFOREST_RESIN,SEASHELLS,9992.0,7
2317,135000,Charlie,Pablo,RAINFOREST_RESIN,SEASHELLS,9998.0,5
2328,135700,Charlie,Paris,RAINFOREST_RESIN,SEASHELLS,9992.0,2
2367,138000,Charlie,Paris,RAINFOREST_RESIN,SEASHELLS,9992.0,1
2380,139300,Penelope,Charlie,RAINFOREST_RESIN,SEASHELLS,10008.0,8
2411,140700,Charlie,Paris,RAINFOREST_RESIN,SEASHELLS,9992.0,1
2413,140900,Pablo,Charlie,RAINFOREST_RESIN,SEASHELLS,10008.0,6
2444,143100,Charlie,Gina,RAINFOREST_RESIN,SEASHELLS,9997.0,6
2451,143300,Charlie,Penelope,RAINFOREST_RESIN,SEASHELLS,9992.0,4
2452,143400,Paris,Charlie,RAINFOREST_RESIN,SEASHELLS,10001.0,1
2481,144800,Charlie,Penelope,RAINFOREST_RESIN,SEASHELLS,9992.0,8
2490,145300,Pablo,Penelope,RAINFOREST_RESIN,SEASHELLS,10002.0,4
2494,145600,Charlie,Penelope,RAINFOREST_RESIN,SEASHELLS,9992.0,8
2519,146100,Charlie,Gary,RAINFOREST_RESIN,SEASHELLS,9992.0,6
2520,146100,Paris,Charlie,RAINFOREST_RESIN,SEASHELLS,10008.0,2
2529,146700,Penelope,Charlie,RAINFOREST_RESIN,SEASHELLS,10008.0,4
2530,146700,Charlie,Paris,RAINFOREST_RESIN,SEASHELLS,9992.0,1
2547,148000,Paris,Charlie,RAINFOREST_RESIN,SEASHELLS,10008.0,2
2551,148300,Paris,Charlie,RAINFOREST_RESIN,SEASHELLS,10008.0,1
2552,148400,Camilla,Paris,RAINFOREST_RESIN,SEASHELLS,9997.0,2
2554,148500,Penelope,Charlie,RAINFOREST_RESIN,SEASHELLS,10008.0,7
2556,148900,Charlie,Paris,RAINFOREST_RESIN,SEASHELLS,9999.0,1
2565,149900,Charlie,Gary,RAINFOREST_RESIN,SEASHELLS,9992.0,10
2577,150900,Pablo,Charlie,RAINFOREST_RESIN,SEASHELLS,10008.0,5
2587,151600,Charlie,Penelope,RAINFOREST_RESIN,SEASHELLS,9992.0,5
2588,152000,Paris,Pablo,RAINFOREST_RESIN,SEASHELLS,9998.0,1
2589,152000,Camilla,Paris,RAINFOREST_RESIN,SEASHELLS,9997.0,1
2590,152000,Charlie,Pablo,RAINFOREST_RESIN,SEASHELLS,9998.0,4
2597,152400,Charlie,Penelope,RAINFOREST_RESIN,SEASHELLS,9992.0,6
2598,152500,Charlie,Paris,RAINFOREST_RESIN,SEASHELLS,9992.0,2
2602,152900,Charlie,Pablo,RAINFOREST_RESIN,SEASHELLS,9998.0,3
2614,153800,Charlie,Paris,RAINFOREST_RESIN,SEASHELLS,9999.0,1
2615,153900,Gary,Charlie,RAINFOREST_RESIN,SEASHELLS,10008.0,8
2625,154200,Charlie,Paris,RAINFOREST_RESIN,SEASHELLS,9999.0,1
2632,154600,Pablo,Charlie,RAINFOREST_RESIN,SEASHELLS,10008.0,4
2669,156200,Paris,Charlie,RAINFOREST_RESIN,SEASHELLS,10001.0,1
2680,156400,Charlie,Paris,RAINFOREST_RESIN,SEASHELLS,9992.0,1
2707,158000,Penelope,Camilla,RAINFOREST_RESIN,SEASHELLS,10003.0,5
2708,158000,Penelope,Paris,RAINFOREST_RESIN,SEASHELLS,10003.0,1
2723,159000,Charlie,Paris,RAINFOREST_RESIN,SEASHELLS,9992.0,2
2726,159100,Gary,Charlie,RAINFOREST_RESIN,SEASHELLS,10008.0,9
2728,159400,Caesar,Paris,RAINFOREST_RESIN,SEASHELLS,9999.0,1
2736,159900,Charlie,Gary,RAINFOREST_RESIN,SEASHELLS,9992.0,10
2737,159900,Paris,Charlie,RAINFOREST_RESIN,SEASHELLS,10008.0,2
2741,160100,Paris,Camilla,RAINFOREST_RESIN,SEASHELLS,10003.0,2
2749,161000,Charlie,Penelope,RAINFOREST_RESIN,SEASHELLS,9992.0,7
2760,161600,Pablo,Charlie,RAINFOREST_RESIN,SEASHELLS,10002.0,5
2767,162000,Charlie,Pablo,RAINFOREST_RESIN,SEASHELLS,9998.0,3
2776,162300,Paris,Charlie,RAINFOREST_RESIN,SEASHELLS,10008.0,1
2796,162900,Camilla,Paris,RAINFOREST_RESIN,SEASHELLS,9997.0,1
2808,163600,Charlie,Paris,RAINFOREST_RESIN,SEASHELLS,9992.0,2
2812,163800,Charlie,Paris,RAINFOREST_RESIN,SEASHELLS,9992.0,1
2822,164300,Gary,Charlie,RAINFOREST_RESIN,SEASHELLS,10008.0,7
2823,164500,Pablo,Paris,RAINFOREST_RESIN,SEASHELLS,10002.0,1
2825,164600,Pablo,Caesar,RAINFOREST_RESIN,SEASHELLS,10002.0,5
2832,165100,Charlie,Paris,RAINFOREST_RESIN,SEASHELLS,9992.0,2
2838,165700,Charlie,Pablo,RAINFOREST_RESIN,SEASHELLS,9998.0,5
2841,165800,Charlie,Paris,RAINFOREST_RESIN,SEASHELLS,9992.0,1
2855,166600,Paris,Charlie,RAINFOREST_RESIN,SEASHELLS,10001.0,1
2871,167700,Gary,Charlie,RAINFOREST_RESIN,SEASHELLS,10008.0,8
2878,168100,Charlie,Penelope,RAINFOREST_RESIN,SEASHELLS,9992.0,6
2879,168100,Paris,Charlie,RAINFOREST_RESIN,SEASHELLS,10008.0,2
2895,169200,Pablo,Charlie,RAINFOREST_RESIN,SEASHELLS,10002.0,3
2910,169900,Pablo,Camilla,RAINFOREST_RESIN,SEASHELLS,10003.0,4
2922,170700,Charlie,Paris,RAINFOREST_RESIN,SEASHELLS,9992.0,1
2934,172000,Gary,Charlie,RAINFOREST_RESIN,SEASHELLS,10008.0,9
2936,172100,Charlie,Pablo,RAINFOREST_RESIN,SEASHELLS,9992.0,6
2959,172900,Charlie,Penelope,RAINFOREST_RESIN,SEASHELLS,9992.0,8
2998,174400,Paris,Charlie,RAINFOREST_RESIN,SEASHELLS,10008.0,2
3006,175000,Penelope,Charlie,RAINFOREST_RESIN,SEASHELLS,10008.0,5
3031,176300,Caesar,Pablo,RAINFOREST_RESIN,SEASHELLS,9998.0,5
3052,178200,Penelope,Charlie,RAINFOREST_RESIN,SEASHELLS,10008.0,5
3085,179400,Paris,Camilla,RAINFOREST_RESIN,SEASHELLS,10003.0,1
3110,180700,Paris,Charlie,RAINFOREST_RESIN,SEASHELLS,10008.0,1
3118,180900,Charlie,Pablo,RAINFOREST_RESIN,SEASHELLS,9992.0,5
3125,181300,Charlie,Gary,RAINFOREST_RESIN,SEASHELLS,9992.0,7
3150,182900,Pablo,Charlie,RAINFOREST_RESIN,SEASHELLS,10002.0,3
3179,184000,Paris,Charlie,RAINFOREST_RESIN,SEASHELLS,10008.0,2
3181,184100,Paris,Charlie,RAINFOREST_RESIN,SEASHELLS,10001.0,1
3193,184700,Pablo,Charlie,RAINFOREST_RESIN,SEASHELLS,10008.0,6
3203,185800,Charlie,Paris,RAINFOREST_RESIN,SEASHELLS,9992.0,1
3206,185900,Paris,Charlie,RAINFOREST_RESIN,SEASHELLS,10001.0,1
3215,186300,Charlie,Paris,RAINFOREST_RESIN,SEASHELLS,9992.0,1
3226,186900,Paris,Charlie,RAINFOREST_RESIN,SEASHELLS,10008.0,1
3230,187400,Paris,Caesar,RAINFOREST_RESIN,SEASHELLS,10001.0,1
3239,187600,Charlie,Pablo,RAINFOREST_RESIN,SEASHELLS,9992.0,5
3245,188200,Charlie,Penelope,RAINFOREST_RESIN,SEASHELLS,9992.0,4
3280,189400,Charlie,Paris,RAINFOREST_RESIN,SEASHELLS,9992.0,1
3299,190400,Pablo,Charlie,RAINFOREST_RESIN,SEASHELLS,10008.0,4
3327,191500,Paris,Charlie,RAINFOREST_RESIN,SEASHELLS,10008.0,2
3331,191700,Gina,Camilla,RAINFOREST_RESIN,SEASHELLS,10003.0,5
3333,191800,Charlie,Paris,RAINFOREST_RESIN,SEASHELLS,9999.0,1
3334,192000,Paris,Charlie,RAINFOREST_RESIN,SEASHELLS,10008.0,2
3340,192300,Charlie,Gary,RAINFOREST_RESIN,SEASHELLS,9992.0,10
3356,192800,Charlie,Paris,RAINFOREST_RESIN,SEASHELLS,9992.0,2
3372,193100,Charlie,Penelope,RAINFOREST_RESIN,SEASHELLS,9992.0,7
3391,194400,Pablo,Paris,RAINFOREST_RESIN,SEASHELLS,9999.0,1
3394,194500,Charlie,Gary,RAINFOREST_RESIN,SEASHELLS,9992.0,8
3404,195200,Charlie,Penelope,RAINFOREST_RESIN,SEASHELLS,9992.0,5
3405,195400,Pablo,Charlie,RAINFOREST_RESIN,SEASHELLS,10008.0,6
3406,195400,Paris,Charlie,RAINFOREST_RESIN,SEASHELLS,10008.0,1
3434,196500,Charlie,Paris,RAINFOREST_RESIN,SEASHELLS,9992.0,2
3442,197200,Charlie,Penelope,RAINFOREST_RESIN,SEASHELLS,9992.0,7
3457,197900,Charlie,Penelope,RAINFOREST_RESIN,SEASHELLS,9992.0,6
3458,197900,Charlie,Paris,RAINFOREST_RESIN,SEASHELLS,9992.0,2
3468,198600,Charlie,Paris,RAINFOREST_RESIN,SEASHELLS,9999.0,1
3472,198900,Paris,Charlie,RAINFOREST_RESIN,SEASHELLS,10001.0,1
3480,199800,Pablo,Caesar,RAINFOREST_RESIN,SEASHELLS,10002.0,4
3484,200300,Penelope,Charlie,RAINFOREST_RESIN,SEASHELLS,10008.0,6
3495,200700,Penelope,Charlie,RAINFOREST_RESIN,SEASHELLS,10008.0,4
3508,201400,Penelope,Camilla,RAINFOREST_RESIN,SEASHELLS,10003.0,4
3514,201500,Charlie,Penelope,RAINFOREST_RESIN,SEASHELLS,9992.0,8
3527,202100,Pablo,Pablo,RAINFOREST_RESIN,SEASHELLS,9998.0,5
3528,202100,Pablo,Paris,RAINFOREST_RESIN,SEASHELLS,9998.0,1
3529,202100,Charlie,Paris,RAINFOREST_RESIN,SEASHELLS,9998.0,1
3533,202200,Pablo,Charlie,RAINFOREST_RESIN,SEASHELLS,10002.0,3
3550,202700,Pablo,Charlie,RAINFOREST_RESIN,SEASHELLS,10002.0,3
3567,203300,Penelope,Charlie,RAINFOREST_RESIN,SEASHELLS,10008.0,4
3580,204200,Paris,Camilla,RAINFOREST_RESIN,SEASHELLS,10003.0,1
3594,205500,Paris,Charlie,RAINFOREST_RESIN,SEASHELLS,10001.0,1
3595,205600,Charlie,Gary,RAINFOREST_RESIN,SEASHELLS,9992.0,7
3608,206000,Paris,Charlie,RAINFOREST_RESIN,SEASHELLS,10008.0,2
3615,206400,Charlie,Paris,RAINFOREST_RESIN,SEASHELLS,9992.0,2
3668,208800,Charlie,Paris,RAINFOREST_RESIN,SEASHELLS,9992.0,2
3678,209300,Penelope,Charlie,RAINFOREST_RESIN,SEASHELLS,10008.0,5
3695,209900,Pablo,Charlie,RAINFOREST_RESIN,SEASHELLS,10008.0,6
3709,210700,Charlie,Paris,RAINFOREST_RESIN,SEASHELLS,9992.0,1
3714,211100,Paris,Charlie,RAINFOREST_RESIN,SEASHELLS,10008.0,1
3725,211700,Camilla,Pablo,RAINFOREST_RESIN,SEASHELLS,9997.0,6
3726,211700,Caesar,Paris,RAINFOREST_RESIN,SEASHELLS,9999.0,1
3738,211900,Paris,Charlie,RAINFOREST_RESIN,SEASHELLS,10008.0,1
3739,212100,Paris,Charlie,RAINFOREST_RESIN,SEASHELLS,10001.0,1
3759,212900,Charlie,Penelope,RAINFOREST_RESIN,SEASHELLS,9992.0,8
3770,213200,Penelope,Charlie,RAINFOREST_RESIN,SEASHELLS,10008.0,5
3787,213500,Penelope,Charlie,RAINFOREST_RESIN,SEASHELLS,10008.0,4
3798,213800,Charlie,Pablo,RAINFOREST_RESIN,SEASHELLS,9998.0,4
3809,214600,Paris,Camilla,RAINFOREST_RESIN,SEASHELLS,10003.0,1
3817,214800,Caesar,Paris,RAINFOREST_RESIN,SEASHELLS,9999.0,1
3829,215800,Charlie,Paris,RAINFOREST_RESIN,SEASHELLS,9999.0,1
3830,215900,Charlie,Paris,RAINFOREST_RESIN,SEASHELLS,9992.0,2
3835,216500,Charlie,Penelope,RAINFOREST_RESIN,SEASHELLS,9992.0,6
3836,216500,Paris,Charlie,RAINFOREST_RESIN,SEASHELLS,10008.0,2
3841,216800,Paris,Charlie,RAINFOREST_RESIN,SEASHELLS,10001.0,1
3848,217300,Paris,Charlie,RAINFOREST_RESIN,SEASHELLS,10001.0,1
3852,217500,Paris,Charlie,RAINFOREST_RESIN,SEASHELLS,10008.0,2
3870,218200,Charlie,Gina,RAINFOREST_RESIN,SEASHELLS,9997.0,8
3871,218400,Pablo,Paris,RAINFOREST_RESIN,SEASHELLS,10002.0,2
3918,220600,Paris,Gina,RAINFOREST_RESIN,SEASHELLS,10001.0,1
3919,220600,Charlie,Penelope,RAINFOREST_RESIN,SEASHELLS,9992.0,8
3920,220600,Charlie,Gina,RAINFOREST_RESIN,SEASHELLS,9997.0,10
3922,220900,Paris,Charlie,RAINFOREST_RESIN,SEASHELLS,10008.0,1
3954,222100,Penelope,Charlie,RAINFOREST_RESIN,SEASHELLS,10008.0,4
3955,222300,Penelope,Paris,RAINFOREST_RESIN,SEASHELLS,9999.0,1
4012,224500,Charlie,Gary,RAINFOREST_RESIN,SEASHELLS,9992.0,6
4033,225500,Gary,Charlie,RAINFOREST_RESIN,SEASHELLS,10008.0,7
4037,225800,Pablo,Charlie,RAINFOREST_RESIN,SEASHELLS,10008.0,4
4038,226000,Penelope,Charlie,RAINFOREST_RESIN,SEASHELLS,10008.0,5
4039,226000,Pablo,Caesar,RAINFOREST_RESIN,SEASHELLS,10002.0,5
4044,226300,Charlie,Pablo,RAINFOREST_RESIN,SEASHELLS,9998.0,5
4077,228600,Charlie,Pablo,RAINFOREST_RESIN,SEASHELLS,9992.0,5
4080,228900,Charlie,Paris,RAINFOREST_RESIN,SEASHELLS,9999.0,1
4084,229500,Camilla,Paris,RAINFOREST_RESIN,SEASHELLS,9997.0,2
4085,229500,Charlie,Pablo,RAINFOREST_RESIN,SEASHELLS,9998.0,5
4089,229700,Gary,Charlie,RAINFOREST_RESIN,SEASHELLS,10008.0,7
4115,231200,Charlie,Paris,RAINFOREST_RESIN,SEASHELLS,9992.0,2
4135,232000,Penelope,Charlie,RAINFOREST_RESIN,SEASHELLS,10008.0,8
4136,232000,Paris,Charlie,RAINFOREST_RESIN,SEASHELLS,10008.0,2
4139,232100,Paris,Charlie,RAINFOREST_RESIN,SEASHELLS,10001.0,1
4141,232200,Charlie,Pablo,RAINFOREST_RESIN,SEASHELLS,9992.0,5
4142,232200,Charlie,Paris,RAINFOREST_RESIN,SEASHELLS,9999.0,1
4147,232500,Penelope,Charlie,RAINFOREST_RESIN,SEASHELLS,10008.0,7
4148,232600,Penelope,Charlie,RAINFOREST_RESIN,SEASHELLS,10008.0,6
4159,233400,Paris,Charlie,RAINFOREST_RESIN,SEASHELLS,10008.0,1
4162,233600,Charlie,Pablo,RAINFOREST_RESIN,SEASHELLS,9998.0,5
4166,234100,Charlie,Pablo,RAINFOREST_RESIN,SEASHELLS,9992.0,4
4168,234200,Paris,Caesar,RAINFOREST_RESIN,SEASHELLS,10000.0,1
4204,236400,Charlie,Paris,RAINFOREST_RESIN,SEASHELLS,9992.0,1
4218,237100,Gina,Camilla,RAINFOREST_RESIN,SEASHELLS,10003.0,4
4222,237400,Paris,Charlie,RAINFOREST_RESIN,SEASHELLS,10008.0,1
4236,237500,Paris,Charlie,RAINFOREST_RESIN,SEASHELLS,10001.0,1
4245,237900,Charlie,Paris,RAINFOREST_RESIN,SEASHELLS,9999.0,1
4247,238200,Paris,Charlie,RAINFOREST_RESIN,SEASHELLS,10001.0,1
4249,238300,Pablo,Charlie,RAINFOREST_RESIN,SEASHELLS,10002.0,3
4253,238600,Caesar,Pablo,RAINFOREST_RESIN,SEASHELLS,9998.0,5
4258,238900,Paris,Caesar,RAINFOREST_RESIN,SEASHELLS,10001.0,1
4283,239500,Penelope,Charlie,RAINFOREST_RESIN,SEASHELLS,10008.0,5
4309,240700,Paris,Caesar,RAINFOREST_RESIN,SEASHELLS,10001.0,1
4335,241900,Paris,Caesar,RAINFOREST_RESIN,SEASHELLS,10001.0,1
4363,243400,Charlie,Paris,RAINFOREST_RESIN,SEASHELLS,9999.0,1
4371,243900,Charlie,Paris,RAINFOREST_RESIN,SEASHELLS,9999.0,1
4375,244000,Pablo,Charlie,RAINFOREST_RESIN,SEASHELLS,10008.0,6
4377,244100,Paris,Charlie,RAINFOREST_RESIN,SEASHELLS,10008.0,2
4390,244400,Pablo,Camilla,RAINFOREST_RESIN,SEASHELLS,10003.0,2
4407,245500,Pablo,Charlie,RAINFOREST_RESIN,SEASHELLS,10008.0,5
4434,247100,Caesar,Pablo,RAINFOREST_RESIN,SEASHELLS,9998.0,3
4436,247300,Paris,Charlie,RAINFOREST_RESIN,SEASHELLS,10008.0,2
4451,248500,Paris,Camilla,RAINFOREST_RESIN,SEASHELLS,10003.0,1
4474,249400,Penelope,Charlie,RAINFOREST_RESIN,SEASHELLS,10008.0,6
4480,249800,Pablo,Charlie,RAINFOREST_RESIN,SEASHELLS,10002.0,4
4488,249900,Paris,Charlie,RAINFOREST_RESIN,SEASHELLS,10001.0,1
4493,250100,Charlie,Pablo,RAINFOREST_RESIN,SEASHELLS,9992.0,4
4494,250100,Charlie,Paris,RAINFOREST_RESIN,SEASHELLS,9999.0,1
4496,250300,Charlie,Paris,RAINFOREST_RESIN,SEASHELLS,9992.0,2
4507,250700,Charlie,Penelope,RAINFOREST_RESIN,SEASHELLS,9992.0,5
4514,251100,Charlie,Paris,RAINFOREST_RESIN,SEASHELLS,9992.0,2
4522,251300,Paris,Charlie,RAINFOREST_RESIN,SEASHELLS,10001.0,1
4527,251400,Paris,Caesar,RAINFOREST_RESIN,SEASHELLS,10001.0,1
4531,251500,Charlie,Paris,RAINFOREST_RESIN,SEASHELLS,9999.0,1
4536,251800,Charlie,Penelope,RAINFOREST_RESIN,SEASHELLS,9992.0,7
4549,252700,Charlie,Paris,RAINFOREST_RESIN,SEASHELLS,9992.0,2
4556,253000,Paris,Charlie,RAINFOREST_RESIN,SEASHELLS,10008.0,1
4558,253100,Camilla,Penelope,RAINFOREST_RESIN,SEASHELLS,9997.0,7
4559,253100,Paris,Charlie,RAINFOREST_RESIN,SEASHELLS,10008.0,2
4573,253900,Pablo,Charlie,RAINFOREST_RESIN,SEASHELLS,10008.0,6
4584,254800,Paris,Charlie,RAINFOREST_RESIN,SEASHELLS,10001.0,1
4609,256400,Charlie,Paris,RAINFOREST_RESIN,SEASHELLS,9992.0,2
4620,257300,Penelope,Charlie,RAINFOREST_RESIN,SEASHELLS,10008.0,8
4636,258000,Charlie,Paris,RAINFOREST_RESIN,SEASHELLS,9999.0,1
4646,258500,Caesar,Paris,RAINFOREST_RESIN,SEASHELLS,9999.0,1
4655,258900,Penelope,Camilla,RAINFOREST_RESIN,SEASHELLS,10003.0,2
4667,259700,Paris,Charlie,RAINFOREST_RESIN,SEASHELLS,10008.0,1
4673,260200,Charlie,Gary,RAINFOREST_RESIN,SEASHELLS,9992.0,6
4687,260500,Charlie,Gary,RAINFOREST_RESIN,SEASHELLS,9992.0,10
4691,260600,Charlie,Pablo,RAINFOREST_RESIN,SEASHELLS,9992.0,5
4695,260700,Caesar,Paris,RAINFOREST_RESIN,SEASHELLS,9999.0,1
4698,260800,Charlie,Pablo,RAINFOREST_RESIN,SEASHELLS,9992.0,4
4699,260900,Charlie,Penelope,RAINFOREST_RESIN,SEASHELLS,9992.0,5
4702,261100,Paris,Charlie,RAINFOREST_RESIN,SEASHELLS,10001.0,1
4710,261400,Penelope,Charlie,RAINFOREST_RESIN,SEASHELLS,10008.0,7
4713,261700,Pablo,Charlie,RAINFOREST_RESIN,SEASHELLS,10008.0,5
4751,263500,Charlie,Penelope,RAINFOREST_RESIN,SEASHELLS,9992.0,7
4754,263700,Paris,Caesar,RAINFOREST_RESIN,SEASHELLS,10000.0,2
4760,264000,Caesar,Pablo,RAINFOREST_RESIN,SEASHELLS,9998.0,3
4767,264300,Camilla,Penelope,RAINFOREST_RESIN,SEASHELLS,9997.0,2
4770,264600,Charlie,Paris,RAINFOREST_RESIN,SEASHELLS,9999.0,1
4798,265900,Paris,Charlie,RAINFOREST_RESIN,SEASHELLS,10008.0,1
4809,266300,Paris,Charlie,RAINFOREST_RESIN,SEASHELLS,10001.0,1
4839,267500,Pablo,Charlie,RAINFOREST_RESIN,SEASHELLS,10008.0,6
4840,267600,Penelope,Charlie,RAINFOREST_RESIN,SEASHELLS,10008.0,6
4868,268400,Penelope,Charlie,RAINFOREST_RESIN,SEASHELLS,10008.0,5
4874,268700,Pablo,Charlie,RAINFOREST_RESIN,SEASHELLS,10002.0,4
4875,268800,Pablo,Charlie,RAINFOREST_RESIN,SEASHELLS,10008.0,4
4876,268800,Paris,Charlie,RAINFOREST_RESIN,SEASHELLS,10001.0,1
4901,269800,Pablo,Charlie,RAINFOREST_RESIN,SEASHELLS,10008.0,5
4902,269900,Pablo,Camilla,RAINFOREST_RESIN,SEASHELLS,10003.0,4
4904,270100,Paris,Charlie,RAINFOREST_RESIN,SEASHELLS,10001.0,1
4915,271000,Paris,Charlie,RAINFOREST_RESIN,SEASHELLS,10008.0,1
4917,271200,Charlie,Paris,RAINFOREST_RESIN,SEASHELLS,9999.0,1
4932,271800,Pablo,Caesar,RAINFOREST_RESIN,SEASHELLS,10002.0,4
4936,271900,Penelope,Charlie,RAINFOREST_RESIN,SEASHELLS,10008.0,5
4941,272200,Charlie,Paris,RAINFOREST_RESIN,SEASHELLS,9999.0,1
4951,273200,Charlie,Penelope,RAINFOREST_RESIN,SEASHELLS,9992.0,5
4952,273200,Paris,Charlie,RAINFOREST_RESIN,SEASHELLS,10008.0,1
4954,273300,Charlie,Gina,RAINFOREST_RESIN,SEASHELLS,9997.0,10
4959,273700,Gina,Paris,RAINFOREST_RESIN,SEASHELLS,9999.0,1
4964,273800,Pablo,Camilla,RAINFOREST_RESIN,SEASHELLS,10003.0,5
4965,273800,Penelope,Camilla,RAINFOREST_RESIN,SEASHELLS,10003.0,3
4968,274000,Paris,Charlie,RAINFOREST_RESIN,SEASHELLS,10001.0,1
4985,274400,Pablo,Paris,RAINFOREST_RESIN,SEASHELLS,9999.0,1
5010,276000,Gary,Charlie,RAINFOREST_RESIN,SEASHELLS,10008.0,8
5021,276400,Paris,Caesar,RAINFOREST_RESIN,SEASHELLS,10001.0,1
5029,276800,Paris,Charlie,RAINFOREST_RESIN,SEASHELLS,10008.0,2
5032,277000,Gina,Camilla,RAINFOREST_RESIN,SEASHELLS,10003.0,4
5038,277800,Pablo,Charlie,RAINFOREST_RESIN,SEASHELLS,10002.0,3
5078,279600,Gary,Charlie,RAINFOREST_RESIN,SEASHELLS,10008.0,7
5097,280800,Charlie,Pablo,RAINFOREST_RESIN,SEASHELLS,9992.0,5
5101,281000,Pablo,Charlie,RAINFOREST_RESIN,SEASHELLS,10002.0,4
5110,281700,Charlie,Paris,RAINFOREST_RESIN,SEASHELLS,9992.0,1
5114,281800,Charlie,Paris,RAINFOREST_RESIN,SEASHELLS,9999.0,1
5138,283900,Paris,Gary,RAINFOREST_RESIN,SEASHELLS,10001.0,1
5143,284100,Charlie,Penelope,RAINFOREST_RESIN,SEASHELLS,9992.0,5
5147,284300,Caesar,Paris,RAINFOREST_RESIN,SEASHELLS,9999.0,1
5153,284800,Charlie,Paris,RAINFOREST_RESIN,SEASHELLS,9999.0,1
5170,285200,Pablo,Charlie,RAINFOREST_RESIN,SEASHELLS,10008.0,4
5174,285400,Caesar,Paris,RAINFOREST_RESIN,SEASHELLS,9999.0,1
5191,286500,Charlie,Paris,RAINFOREST_RESIN,SEASHELLS,9999.0,1
5196,286700,Pablo,Charlie,RAINFOREST_RESIN,SEASHELLS,10002.0,3
5208,287700,Caesar,Paris,RAINFOREST_RESIN,SEASHELLS,10000.0,2
5236,289600,Charlie,Pablo,RAINFOREST_RESIN,SEASHELLS,9998.0,5
5247,291100,Pablo,Charlie,RAINFOREST_RESIN,SEASHELLS,10008.0,6
5248,291100,Paris,Charlie,RAINFOREST_RESIN,SEASHELLS,10008.0,2
5252,291400,Charlie,Pablo,RAINFOREST_RESIN,SEASHELLS,9998.0,3
5258,291600,Paris,Charlie,RAINFOREST_RESIN,SEASHELLS,10001.0,1
5259,291700,Penelope,Charlie,RAINFOREST_RESIN,SEASHELLS,10008.0,8
5263,291800,Charlie,Penelope,RAINFOREST_RESIN,SEASHELLS,9992.0,6
5291,293600,Paris,Caesar,RAINFOREST_RESIN,SEASHELLS,10001.0,1
5314,294600,Paris,Charlie,RAINFOREST_RESIN,SEASHELLS,10008.0,1
5318,294900,Caesar,Pablo,RAINFOREST_RESIN,SEASHELLS,10000.0,3
5351,296100,Paris,Pablo,RAINFOREST_RESIN,SEASHELLS,9998.0,1
5365,296900,Paris,Charlie,RAINFOREST_RESIN,SEASHELLS,10001.0,1
5375,297200,Paris,Charlie,RAINFOREST_RESIN,SEASHELLS,10008.0,1
5383,297500,Pablo,Charlie,RAINFOREST_RESIN,SEASHELLS,10002.0,5
5400,298700,Paris,Caesar,RAINFOREST_RESIN,SEASHELLS,10001.0,1
5404,298800,Pablo,Charlie,RAINFOREST_RESIN,SEASHELLS,10002.0,4
5415,299400,Charlie,Penelope,RAINFOREST_RESIN,SEASHELLS,9992.0,7
5439,300300,Charlie,Paris,RAINFOREST_RESIN,SEASHELLS,9999.0,1
5458,301400,Charlie,Paris,RAINFOREST_RESIN,SEASHELLS,9999.0,1
5485,302900,Pablo,Charlie,RAINFOREST_RESIN,SEASHELLS,10008.0,6
5486,303100,Penelope,Charlie,RAINFOREST_RESIN,SEASHELLS,10008.0,4
5546,305800,Paris,Charlie,RAINFOREST_RESIN,SEASHELLS,10001.0,1
5549,306000,Gina,Charlie,RAINFOREST_RESIN,SEASHELLS,10003.0,8
5550,306000,Paris,Charlie,RAINFOREST_RESIN,SEASHELLS,10001.0,1
5554,306300,Charlie,Gary,RAINFOREST_RESIN,SEASHELLS,9992.0,10
5556,306400,Paris,Charlie,RAINFOREST_RESIN,SEASHELLS,10001.0,1
5557,306500,Paris,Charlie,RAINFOREST_RESIN,SEASHELLS,10008.0,2
5560,306700,Paris,Charlie,RAINFOREST_RESIN,SEASHELLS,10008.0,2
5566,307000,Charlie,Paris,RAINFOREST_RESIN,SEASHELLS,9992.0,1
5605,308300,Charlie,Gary,RAINFOREST_RESIN,SEASHELLS,9992.0,9
5606,308300,Penelope,Charlie,RAINFOREST_RESIN,SEASHELLS,10008.0,7
5613,308500,Charlie,Paris,RAINFOREST_RESIN,SEASHELLS,9992.0,1
5620,309000,Charlie,Paris,RAINFOREST_RESIN,SEASHELLS,9999.0,1
5625,309200,Paris,Charlie,RAINFOREST_RESIN,SEASHELLS,10008.0,1
5628,309300,Paris,Paris,RAINFOREST_RESIN,SEASHELLS,9999.0,1
5646,309800,Charlie,Paris,RAINFOREST_RESIN,SEASHELLS,9999.0,1
5656,310400,Charlie,Pablo,RAINFOREST_RESIN,SEASHELLS,9998.0,5
5660,310900,Paris,Charlie,RAINFOREST_RESIN,SEASHELLS,10001.0,1
5662,311000,Charlie,Paris,RAINFOREST_RESIN,SEASHELLS,9992.0,2
5666,311300,Penelope,Charlie,RAINFOREST_RESIN,SEASHELLS,10008.0,6
5668,311400,Charlie,Paris,RAINFOREST_RESIN,SEASHELLS,9992.0,2
5676,312200,Charlie,Paris,RAINFOREST_RESIN,SEASHELLS,9992.0,2
5697,314200,Charlie,Paris,RAINFOREST_RESIN,SEASHELLS,9992.0,1
5699,314300,Paris,Charlie,RAINFOREST_RESIN,SEASHELLS,10001.0,1
5705,314600,Charlie,Pablo,RAINFOREST_RESIN,SEASHELLS,9992.0,5
5709,314700,Charlie,Pablo,RAINFOREST_RESIN,SEASHELLS,9992.0,6
5724,315200,Charlie,Penelope,RAINFOREST_RESIN,SEASHELLS,9992.0,8
5734,315400,Pablo,Charlie,RAINFOREST_RESIN,SEASHELLS,10008.0,5
5735,315400,Paris,Charlie,RAINFOREST_RESIN,SEASHELLS,10008.0,1
5749,316100,Charlie,Paris,RAINFOREST_RESIN,SEASHELLS,9999.0,1
5759,316400,Charlie,Pablo,RAINFOREST_RESIN,SEASHELLS,9998.0,4
5762,316700,Charlie,Paris,RAINFOREST_RESIN,SEASHELLS,9999.0,1
5779,317200,Gina,Charlie,RAINFOREST_RESIN,SEASHELLS,10003.0,6
5786,317300,Paris,Charlie,RAINFOREST_RESIN,SEASHELLS,10001.0,1
5790,317400,Gary,Charlie,RAINFOREST_RESIN,SEASHELLS,10008.0,8
5791,317400,Gina,Charlie,RAINFOREST_RESIN,SEASHELLS,10003.0,7
5795,317500,Charlie,Paris,RAINFOREST_RESIN,SEASHELLS,9992.0,2
5806,317600,Gary,Charlie,RAINFOREST_RESIN,SEASHELLS,10008.0,9
5807,317600,Charlie,Paris,RAINFOREST_RESIN,SEASHELLS,9992.0,1
5808,317700,Paris,Charlie,RAINFOREST_RESIN,SEASHELLS,10008.0,2
5810,317800,Charlie,Paris,RAINFOREST_RESIN,SEASHELLS,9999.0,1
5820,318300,Charlie,Paris,RAINFOREST_RESIN,SEASHELLS,9999.0,1
5827,319300,Pablo,Paris,RAINFOREST_RESIN,SEASHELLS,10002.0,1
5828,319300,Pablo,Charlie,RAINFOREST_RESIN,SEASHELLS,10002.0,2
5835,319800,Charlie,Pablo,RAINFOREST_RESIN,SEASHELLS,9992.0,4
5837,319900,Charlie,Paris,RAINFOREST_RESIN,SEASHELLS,9999.0,1
5852,320300,Camilla,Gina,RAINFOREST_RESIN,SEASHELLS,9997.0,6
5870,321000,Penelope,Charlie,RAINFOREST_RESIN,SEASHELLS,10008.0,7
5902,322300,Paris,Charlie,RAINFOREST_RESIN,SEASHELLS,10008.0,2
5942,324100,Paris,Charlie,RAINFOREST_RESIN,SEASHELLS,10008.0,1
5949,325100,Paris,Charlie,RAINFOREST_RESIN,SEASHELLS,10001.0,1
5952,325200,Paris,Charlie,RAINFOREST_RESIN,SEASHELLS,10001.0,1
5961,325900,Charlie,Gary,RAINFOREST_RESIN,SEASHELLS,9992.0,8
5976,326800,Charlie,Gina,RAINFOREST_RESIN,SEASHELLS,9997.0,7
5996,327800,Paris,Charlie,RAINFOREST_RESIN,SEASHELLS,10008.0,2
6003,328400,Charlie,Gary,RAINFOREST_RESIN,SEASHELLS,9992.0,6
6007,328600,Charlie,Penelope,RAINFOREST_RESIN,SEASHELLS,9992.0,5
6024,329400,Charlie,Paris,RAINFOREST_RESIN,SEASHELLS,9992.0,2
6034,329900,Paris,Charlie,RAINFOREST_RESIN,SEASHELLS,10001.0,1
6045,330500,Charlie,Gary,RAINFOREST_RESIN,SEASHELLS,9992.0,10
6055,331000,Pablo,Charlie,RAINFOREST_RESIN,SEASHELLS,10008.0,5
6058,331100,Charlie,Paris,RAINFOREST_RESIN,SEASHELLS,9992.0,1
6082,332000,Paris,Charlie,RAINFOREST_RESIN,SEASHELLS,10008.0,2
6085,332100,Paris,Charlie,RAINFOREST_RESIN,SEASHELLS,10008.0,2
6102,332600,Gina,Caesar,RAINFOREST_RESIN,SEASHELLS,10003.0,7
6104,332700,Paris,Caesar,RAINFOREST_RESIN,SEASHELLS,10001.0,1
6136,334300,Paris,Charlie,RAINFOREST_RESIN,SEASHELLS,10001.0,1
6144,334800,Charlie,Paris,RAINFOREST_RESIN,SEASHELLS,9992.0,2
6152,335200,Gina,Caesar,RAINFOREST_RESIN,SEASHELLS,10003.0,12
6171,336100,Gina,Camilla,RAINFOREST_RESIN,SEASHELLS,10003.0,3
6172,336100,Gina,Paris,RAINFOREST_RESIN,SEASHELLS,10003.0,2
6173,336100,Gina,Caesar,RAINFOREST_RESIN,SEASHELLS,10003.0,2
6187,337000,Paris,Charlie,RAINFOREST_RESIN,SEASHELLS,10008.0,1
6194,337400,Charlie,Paris,RAINFOREST_RESIN,SEASHELLS,9992.0,1
6217,338900,Charlie,Paris,RAINFOREST_RESIN,SEASHELLS,9992.0,1
6237,340400,Charlie,Gary,RAINFOREST_RESIN,SEASHELLS,9992.0,9
6251,341800,Paris,Charlie,RAINFOREST_RESIN,SEASHELLS,10001.0,1
6252,341900,Pablo,Paris,RAINFOREST_RESIN,SEASHELLS,10002.0,1
6253,342000,Paris,Charlie,RAINFOREST_RESIN,SEASHELLS,10001.0,1
6260,342200,Paris,Charlie,RAINFOREST_RESIN,SEASHELLS,10001.0,1
6275,343200,Penelope,Charlie,RAINFOREST_RESIN,SEASHELLS,10008.0,5
6302,344400,Charlie,Pablo,RAINFOREST_RESIN,SEASHELLS,9998.0,5
6310,345200,Pablo,Charlie,RAINFOREST_RESIN,SEASHELLS,10008.0,4
6321,345600,Charlie,Paris,RAINFOREST_RESIN,SEASHELLS,9992.0,2
6336,345800,Charlie,Gina,RAINFOREST_RESIN,SEASHELLS,9997.0,9
6341,346000,Camilla,Gina,RAINFOREST_RESIN,SEASHELLS,9997.0,7
6351,347300,Paris,Charlie,RAINFOREST_RESIN,SEASHELLS,10008.0,2
6354,347400,Penelope,Charlie,RAINFOREST_RESIN,SEASHELLS,10008.0,5
6369,348000,Pablo,Charlie,RAINFOREST_RESIN,SEASHELLS,10008.0,5
6382,348800,Paris,Charlie,RAINFOREST_RESIN,SEASHELLS,10008.0,2
6387,349300,Charlie,Pablo,RAINFOREST_RESIN,SEASHELLS,9998.0,5
6417,350000,Paris,Charlie,RAINFOREST_RESIN,SEASHELLS,10008.0,2
6428,350200,Pablo,Charlie,RAINFOREST_RESIN,SEASHELLS,10008.0,6
6452,351300,Penelope,Gina,RAINFOREST_RESIN,SEASHELLS,9997.0,4
6477,353100,Charlie,Pablo,RAINFOREST_RESIN,SEASHELLS,9992.0,6
6478,353200,Charlie,Pablo,RAINFOREST_RESIN,SEASHELLS,9992.0,6
6501,353900,Pablo,Pablo,RAINFOREST_RESIN,SEASHELLS,10002.0,4
6521,354200,Pablo,Charlie,RAINFOREST_RESIN,SEASHELLS,10002.0,4
6532,354300,Pablo,Gina,RAINFOREST_RESIN,SEASHELLS,10002.0,4
6534,354500,Charlie,Pablo,RAINFOREST_RESIN,SEASHELLS,9998.0,4
6540,354800,Charlie,Paris,RAINFOREST_RESIN,SEASHELLS,9992.0,2
6541,354800,Caesar,Pablo,RAINFOREST_RESIN,SEASHELLS,9998.0,4
6565,355600,Penelope,Charlie,RAINFOREST_RESIN,SEASHELLS,10008.0,7
6569,355800,Paris,Charlie,RAINFOREST_RESIN,SEASHELLS,10008.0,2
6578,356100,Charlie,Paris,RAINFOREST_RESIN,SEASHELLS,9992.0,2
6579,356300,Penelope,Charlie,RAINFOREST_RESIN,SEASHELLS,10008.0,5
6609,357400,Paris,Charlie,RAINFOREST_RESIN,SEASHELLS,10001.0,1
6639,358700,Charlie,Paris,RAINFOREST_RESIN,SEASHELLS,9992.0,1
6650,358800,Paris,Paris,RAINFOREST_RESIN,SEASHELLS,9999.0,1
6656,359000,Pablo,Caesar,RAINFOREST_RESIN,SEASHELLS,10002.0,5
6657,359200,Camilla,Paris,RAINFOREST_RESIN,SEASHELLS,9997.0,1
6664,359500,Charlie,Paris,RAINFOREST_RESIN,SEASHELLS,9992.0,2
6677,359900,Paris,Caesar,RAINFOREST_RESIN,SEASHELLS,10001.0,1
6678,360000,Pablo,Charlie,RAINFOREST_RESIN,SEASHELLS,10002.0,4
6679,360100,Charlie,Paris,RAINFOREST_RESIN,SEASHELLS,9992.0,1
6680,360200,Paris,Charlie,RAINFOREST_RESIN,SEASHELLS,10008.0,1
6681,360400,Charlie,Pablo,RAINFOREST_RESIN,SEASHELLS,9992.0,5
6691,361200,Charlie,Paris,RAINFOREST_RESIN,SEASHELLS,9992.0,1
6724,362600,Charlie,Paris,RAINFOREST_RESIN,SEASHELLS,9992.0,1
6727,362700,Penelope,Charlie,RAINFOREST_RESIN,SEASHELLS,10008.0,6
6729,362900,Paris,Paris,RAINFOREST_RESIN,SEASHELLS,10001.0,1
6739,363000,Pablo,Pablo,RAINFOREST_RESIN,SEASHELLS,10002.0,4
6759,363800,Charlie,Paris,RAINFOREST_RESIN,SEASHELLS,9992.0,1
6773,364200,Charlie,Penelope,RAINFOREST_RESIN,SEASHELLS,9992.0,7
6778,364300,Charlie,Paris,RAINFOREST_RESIN,SEASHELLS,9999.0,1
6791,365000,Paris,Charlie,RAINFOREST_RESIN,SEASHELLS,10008.0,1
6797,365400,Pablo,Charlie,RAINFOREST_RESIN,SEASHELLS,10002.0,4
6820,366500,Paris,Pablo,RAINFOREST_RESIN,SEASHELLS,9998.0,1
6846,367600,Pablo,Charlie,RAINFOREST_RESIN,SEASHELLS,10002.0,5
6851,367900,Charlie,Paris,RAINFOREST_RESIN,SEASHELLS,9992.0,1
6858,368100,Charlie,Pablo,RAINFOREST_RESIN,SEASHELLS,9992.0,5
6859,368100,Charlie,Penelope,RAINFOREST_RESIN,SEASHELLS,9992.0,4
6866,368300,Charlie,Paris,RAINFOREST_RESIN,SEASHELLS,9992.0,1
6869,368600,Charlie,Paris,RAINFOREST_RESIN,SEASHELLS,9992.0,1
6888,369600,Charlie,Paris,RAINFOREST_RESIN,SEASHELLS,9999.0,1
6909,371100,Charlie,Pablo,RAINFOREST_RESIN,SEASHELLS,9998.0,3
6944,372400,Penelope,Charlie,RAINFOREST_RESIN,SEASHELLS,10008.0,6
6954,372800,Paris,Charlie,RAINFOREST_RESIN,SEASHELLS,10008.0,1
6980,374200,Charlie,Pablo,RAINFOREST_RESIN,SEASHELLS,9998.0,3
6999,375400,Pablo,Charlie,RAINFOREST_RESIN,SEASHELLS,10008.0,6
7006,375800,Paris,Charlie,RAINFOREST_RESIN,SEASHELLS,10001.0,1
7009,375900,Paris,Charlie,RAINFOREST_RESIN,SEASHELLS,10008.0,2
7012,376000,Camilla,Paris,RAINFOREST_RESIN,SEASHELLS,9997.0,2
7018,376600,Charlie,Paris,RAINFOREST_RESIN,SEASHELLS,9992.0,1
7020,376700,Paris,Charlie,RAINFOREST_RESIN,SEASHELLS,10001.0,1
7022,376900,Charlie,Paris,RAINFOREST_RESIN,SEASHELLS,9992.0,1
7045,377900,Penelope,Charlie,RAINFOREST_RESIN,SEASHELLS,10008.0,8
7046,378000,Charlie,Gary,RAINFOREST_RESIN,SEASHELLS,9992.0,9
7047,378000,Charlie,Pablo,RAINFOREST_RESIN,SEASHELLS,9992.0,6
7103,381300,Charlie,Gary,RAINFOREST_RESIN,SEASHELLS,9992.0,9
7126,382900,Pablo,Charlie,RAINFOREST_RESIN,SEASHELLS,10002.0,3
7141,383300,Charlie,Penelope,RAINFOREST_RESIN,SEASHELLS,9992.0,8
7149,383700,Charlie,Paris,RAINFOREST_RESIN,SEASHELLS,9999.0,1
7213,386500,Charlie,Gary,RAINFOREST_RESIN,SEASHELLS,9992.0,8
7217,387000,Gary,Charlie,RAINFOREST_RESIN,SEASHELLS,10008.0,6
7241,387700,Paris,Charlie,RAINFOREST_RESIN,SEASHELLS,10001.0,1
7259,388200,Charlie,Pablo,RAINFOREST_RESIN,SEASHELLS,9992.0,4
7260,388200,Charlie,Pablo,RAINFOREST_RESIN,SEASHELLS,9998.0,3
7269,388900,Paris,Charlie,RAINFOREST_RESIN,SEASHELLS,10008.0,2
7271,389100,Charlie,Penelope,RAINFOREST_RESIN,SEASHELLS,9992.0,8
7272,389300,Paris,Charlie,RAINFOREST_RESIN,SEASHELLS,10008.0,1
7277,389500,Charlie,Paris,RAINFOREST_RESIN,SEASHELLS,9999.0,1
7289,390200,Pablo,Charlie,RAINFOREST_RESIN,SEASHELLS,10002.0,5
7291,390300,Paris,Charlie,RAINFOREST_RESIN,SEASHELLS,10001.0,1
7305,391100,Pablo,Paris,RAINFOREST_RESIN,SEASHELLS,9999.0,1
7306,391300,Charlie,Penelope,RAINFOREST_RESIN,SEASHELLS,9992.0,6
7313,392000,Paris,Paris,RAINFOREST_RESIN,SEASHELLS,10001.0,1
7331,392900,Charlie,Gary,RAINFOREST_RESIN,SEASHELLS,9992.0,6
7356,393500,Gina,Paris,RAINFOREST_RESIN,SEASHELLS,10003.0,1
7357,393500,Gina,Charlie,RAINFOREST_RESIN,SEASHELLS,10003.0,7
7364,394100,Charlie,Gina,RAINFOREST_RESIN,SEASHELLS,9997.0,10
7373,394400,Pablo,Charlie,RAINFOREST_RESIN,SEASHELLS,10008.0,4
7384,394900,Charlie,Penelope,RAINFOREST_RESIN,SEASHELLS,9992.0,5
7386,395000,Charlie,Gina,RAINFOREST_RESIN,SEASHELLS,9997.0,6
7390,395200,Charlie,Paris,RAINFOREST_RESIN,SEASHELLS,9999.0,1
7397,395700,Charlie,Paris,RAINFOREST_RESIN,SEASHELLS,9999.0,1
7402,395900,Paris,Charlie,RAINFOREST_RESIN,SEASHELLS,10008.0,2
7412,396600,Charlie,Pablo,RAINFOREST_RESIN,SEASHELLS,9992.0,5
7432,398200,Pablo,Charlie,RAINFOREST_RESIN,SEASHELLS,10002.0,5
7437,398300,Caesar,Paris,RAINFOREST_RESIN,SEASHELLS,9999.0,1
7445,398800,Paris,Pablo,RAINFOREST_RESIN,SEASHELLS,10001.0,1
7455,399500,Charlie,Pablo,RAINFOREST_RESIN,SEASHELLS,9998.0,4
7460,399800,Pablo,Charlie,RAINFOREST_RESIN,SEASHELLS,10008.0,6
7461,399900,Charlie,Paris,RAINFOREST_RESIN,SEASHELLS,9999.0,1
7466,400000,Charlie,Paris,RAINFOREST_RESIN,SEASHELLS,9999.0,1
7473,400600,Charlie,Penelope,RAINFOREST_RESIN,SEASHELLS,9992.0,4
7479,401000,Pablo,Charlie,RAINFOREST_RESIN,SEASHELLS,10002.0,3
7496,401500,Paris,Pablo,RAINFOREST_RESIN,SEASHELLS,9998.0,1
7504,401600,Paris,Charlie,RAINFOREST_RESIN,SEASHELLS,10008.0,1
7526,402300,Paris,Paris,RAINFOREST_RESIN,SEASHELLS,10001.0,1
7537,403100,Charlie,Penelope,RAINFOREST_RESIN,SEASHELLS,9992.0,6
7555,403900,Charlie,Gary,RAINFOREST_RESIN,SEASHELLS,9992.0,9
7604,406600,Charlie,Pablo,RAINFOREST_RESIN,SEASHELLS,9992.0,6
7633,408400,Charlie,Gary,RAINFOREST_RESIN,SEASHELLS,9992.0,7
7641,409100,Gary,Charlie,RAINFOREST_RESIN,SEASHELLS,10008.0,10
7643,409200,Camilla,Penelope,RAINFOREST_RESIN,SEASHELLS,9997.0,4
7673,410800,Pablo,Penelope,RAINFOREST_RESIN,SEASHELLS,10002.0,5
7687,411300,Charlie,Paris,RAINFOREST_RESIN,SEASHELLS,9999.0,1
7692,411500,Charlie,Paris,RAINFOREST_RESIN,SEASHELLS,9999.0,1
7696,411800,Gina,Camilla,RAINFOREST_RESIN,SEASHELLS,10003.0,3
7697,411800,Gina,Paris,RAINFOREST_RESIN,SEASHELLS,10003.0,1
7698,411800,Gina,Charlie,RAINFOREST_RESIN,SEASHELLS,10003.0,4
7704,412200,Pablo,Caesar,RAINFOREST_RESIN,SEASHELLS,10002.0,5
7715,412900,Paris,Charlie,RAINFOREST_RESIN,SEASHELLS,10008.0,1
7724,413300,Paris,Charlie,RAINFOREST_RESIN,SEASHELLS,10001.0,1
7728,413800,Charlie,Paris,RAINFOREST_RESIN,SEASHELLS,9992.0,2
7729,413800,Charlie,Paris,RAINFOREST_RESIN,SEASHELLS,9999.0,1
7759,415000,Caesar,Pablo,RAINFOREST_RESIN,SEASHELLS,9998.0,4
7774,415800,Charlie,Paris,RAINFOREST_RESIN,SEASHELLS,9992.0,1
7775,415900,Charlie,Pablo,RAINFOREST_RESIN,SEASHELLS,9998.0,3
7781,416300,Paris,Charlie,RAINFOREST_RESIN,SEASHELLS,10001.0,1
7783,416400,Charlie,Pablo,RAINFOREST_RESIN,SEASHELLS,9998.0,5
7785,416500,Pablo,Charlie,RAINFOREST_RESIN,SEASHELLS,10002.0,4
7792,416900,Pablo,Charlie,RAINFOREST_RESIN,SEASHELLS,10008.0,6
7818,419000,Penelope,Charlie,RAINFOREST_RESIN,SEASHELLS,10008.0,5
7825,419400,Charlie,Paris,RAINFOREST_RESIN,SEASHELLS,9992.0,2
7857,421000,Charlie,Paris,RAINFOREST_RESIN,SEASHELLS,9992.0,2
7875,422100,Paris,Charlie,RAINFOREST_RESIN,SEASHELLS,10008.0,2
7876,422200,Pablo,Pablo,RAINFOREST_RESIN,SEASHELLS,9998.0,4
7877,422400,Paris,Charlie,RAINFOREST_RESIN,SEASHELLS,10008.0,2
7884,422600,Charlie,Penelope,RAINFOREST_RESIN,SEASHELLS,9992.0,7
7886,422700,Pablo,Caesar,RAINFOREST_RESIN,SEASHELLS,10002.0,5
7897,423500,Camilla,Paris,RAINFOREST_RESIN,SEASHELLS,9997.0,1
7905,424100,Charlie,Gary,RAINFOREST_RESIN,SEASHELLS,9992.0,10
7908,424400,Paris,Charlie,RAINFOREST_RESIN,SEASHELLS,10001.0,1
7915,425000,Charlie,Paris,RAINFOREST_RESIN,SEASHELLS,9999.0,1
7928,425500,Paris,Caesar,RAINFOREST_RESIN,SEASHELLS,10001.0,1
7980,427600,Charlie,Penelope,RAINFOREST_RESIN,SEASHELLS,9992.0,5
7994,428000,Charlie,Paris,RAINFOREST_RESIN,SEASHELLS,9992.0,1
7996,428300,Caesar,Paris,RAINFOREST_RESIN,SEASHELLS,9999.0,1
8000,428800,Pablo,Charlie,RAINFOREST_RESIN,SEASHELLS,10008.0,4
8011,429300,Paris,Paris,RAINFOREST_RESIN,SEASHELLS,10001.0,1
8012,429400,Penelope,Charlie,RAINFOREST_RESIN,SEASHELLS,10008.0,6
8022,429800,Paris,Charlie,RAINFOREST_RESIN,SEASHELLS,10008.0,2
8032,430600,Charlie,Paris,RAINFOREST_RESIN,SEASHELLS,9992.0,1
8052,432400,Penelope,Charlie,RAINFOREST_RESIN,SEASHELLS,10008.0,8
8068,433000,Penelope,Charlie,RAINFOREST_RESIN,SEASHELLS,10008.0,8
8074,433600,Gary,Charlie,RAINFOREST_RESIN,SEASHELLS,10008.0,9
8081,434100,Charlie,Paris,RAINFOREST_RESIN,SEASHELLS,9992.0,2
8125,436000,Penelope,Charlie,RAINFOREST_RESIN,SEASHELLS,10008.0,6
8127,436100,Paris,Charlie,RAINFOREST_RESIN,SEASHELLS,10008.0,2
8129,436300,Paris,Charlie,RAINFOREST_RESIN,SEASHELLS,10008.0,2
8145,436600,Paris,Charlie,RAINFOREST_RESIN,SEASHELLS,10008.0,1
8149,436800,Pablo,Charlie,RAINFOREST_RESIN,SEASHELLS,10008.0,4
8154,437000,Charlie,Penelope,RAINFOREST_RESIN,SEASHELLS,9992.0,5
8155,437100,Paris,Charlie,RAINFOREST_RESIN,SEASHELLS,10001.0,1
8159,437800,Charlie,Paris,RAINFOREST_RESIN,SEASHELLS,9992.0,1
8160,437800,Caesar,Paris,RAINFOREST_RESIN,SEASHELLS,9999.0,1
8172,438300,Gary,Charlie,RAINFOREST_RESIN,SEASHELLS,10008.0,10
8184,439000,Gina,Paris,RAINFOREST_RESIN,SEASHELLS,9999.0,1
8200,440000,Charlie,Paris,RAINFOREST_RESIN,SEASHELLS,9992.0,1
8203,440200,Charlie,Paris,RAINFOREST_RESIN,SEASHELLS,9992.0,1
8206,440500,Paris,Paris,RAINFOREST_RESIN,SEASHELLS,10001.0,1
8255,442600,Paris,Charlie,RAINFOREST_RESIN,SEASHELLS,10001.0,1
8271,443400,Penelope,Charlie,RAINFOREST_RESIN,SEASHELLS,10008.0,4
8274,443500,Paris,Charlie,RAINFOREST_RESIN,SEASHELLS,10008.0,2
8284,443900,Paris,Charlie,RAINFOREST_RESIN,SEASHELLS,10008.0,1
8313,444900,Charlie,Paris,RAINFOREST_RESIN,SEASHELLS,9999.0,1
8334,445600,Paris,Gina,RAINFOREST_RESIN,SEASHELLS,10001.0,1
8339,445900,Paris,Caesar,RAINFOREST_RESIN,SEASHELLS,10001.0,1
8350,447000,Paris,Charlie,RAINFOREST_RESIN,SEASHELLS,10008.0,1
8351,447000,Pablo,Charlie,RAINFOREST_RESIN,SEASHELLS,10002.0,3
8361,447600,Charlie,Gary,RAINFOREST_RESIN,SEASHELLS,9992.0,9
8363,447700,Penelope,Charlie,RAINFOREST_RESIN,SEASHELLS,10008.0,7
8364,447900,Charlie,Paris,RAINFOREST_RESIN,SEASHELLS,9992.0,2
8367,448300,Pablo,Paris,RAINFOREST_RESIN,SEASHELLS,10002.0,1
8375,448500,Pablo,Charlie,RAINFOREST_RESIN,SEASHELLS,10002.0,4
8378,448700,Gary,Charlie,RAINFOREST_RESIN,SEASHELLS,10008.0,10
8400,449700,Charlie,Paris,RAINFOREST_RESIN,SEASHELLS,9999.0,1
8416,450100,Charlie,Paris,RAINFOREST_RESIN,SEASHELLS,9999.0,1
8434,450800,Paris,Pablo,RAINFOREST_RESIN,SEASHELLS,9998.0,2
8439,451000,Pablo,Caesar,RAINFOREST_RESIN,SEASHELLS,10002.0,3
8458,452000,Penelope,Charlie,RAINFOREST_RESIN,SEASHELLS,10008.0,4
8469,452900,Paris,Charlie,RAINFOREST_RESIN,SEASHELLS,10008.0,1
8471,453100,Charlie,Paris,RAINFOREST_RESIN,SEASHELLS,9992.0,1
8475,453500,Paris,Charlie,RAINFOREST_RESIN,SEASHELLS,10008.0,2
8477,453700,Paris,Caesar,RAINFOREST_RESIN,SEASHELLS,10001.0,1
8478,453800,Charlie,Paris,RAINFOREST_RESIN,SEASHELLS,9992.0,2
8491,454200,Charlie,Paris,RAINFOREST_RESIN,SEASHELLS,9992.0,1
8499,455000,Paris,Charlie,RAINFOREST_RESIN,SEASHELLS,10008.0,1
8503,455600,Camilla,Paris,RAINFOREST_RESIN,SEASHELLS,9997.0,1
8508,456000,Charlie,Paris,RAINFOREST_RESIN,SEASHELLS,9999.0,1
8542,457500,Paris,Caesar,RAINFOREST_RESIN,SEASHELLS,10001.0,1
8545,457600,Charlie,Pablo,RAINFOREST_RESIN,SEASHELLS,9998.0,3
8557,458100,Paris,Charlie,RAINFOREST_RESIN,SEASHELLS,10008.0,2
8562,458400,Charlie,Paris,RAINFOREST_RESIN,SEASHELLS,9999.0,1
8592,459500,Pablo,Caesar,RAINFOREST_RESIN,SEASHELLS,10002.0,5
8596,459700,Caesar,Paris,RAINFOREST_RESIN,SEASHELLS,9999.0,1
8600,460000,Penelope,Charlie,RAINFOREST_RESIN,SEASHELLS,10008.0,8
8606,460600,Charlie,Paris,RAINFOREST_RESIN,SEASHELLS,9999.0,1
8640,462100,Charlie,Pablo,RAINFOREST_RESIN,SEASHELLS,9998.0,5
8641,462300,Paris,Charlie,RAINFOREST_RESIN,SEASHELLS,10008.0,1
8642,462400,Paris,Charlie,RAINFOREST_RESIN,SEASHELLS,10008.0,2
8643,462600,Caesar,Pablo,RAINFOREST_RESIN,SEASHELLS,9998.0,3
8645,462700,Pablo,Charlie,RAINFOREST_RESIN,SEASHELLS,10002.0,5
8657,463400,Penelope,Paris,RAINFOREST_RESIN,SEASHELLS,9999.0,1
8670,463900,Pablo,Charlie,RAINFOREST_RESIN,SEASHELLS,10002.0,5
8699,465900,Charlie,Paris,RAINFOREST_RESIN,SEASHELLS,9992.0,2
8702,466000,Charlie,Pablo,RAINFOREST_RESIN,SEASHELLS,9998.0,4
8704,466300,Penelope,Charlie,RAINFOREST_RESIN,SEASHELLS,10008.0,7
8706,466500,Paris,Charlie,RAINFOREST_RESIN,SEASHELLS,10008.0,1
8708,466600,Charlie,Paris,RAINFOREST_RESIN,SEASHELLS,9992.0,2
8719,467100,Charlie,Paris,RAINFOREST_RESIN,SEASHELLS,9992.0,1
8722,467200,Paris,Charlie,RAINFOREST_RESIN,SEASHELLS,10008.0,1
8726,467400,Gary,Charlie,RAINFOREST_RESIN,SEASHELLS,10008.0,8
8738,467800,Charlie,Paris,RAINFOREST_RESIN,SEASHELLS,9992.0,1
8744,467900,Paris,Charlie,RAINFOREST_RESIN,SEASHELLS,10001.0,1
8761,468400,Paris,Charlie,RAINFOREST_RESIN,SEASHELLS,10008.0,2
8762,468500,Charlie,Paris,RAINFOREST_RESIN,SEASHELLS,9999.0,1
8763,468600,Pablo,Charlie,RAINFOREST_RESIN,SEASHELLS,10008.0,4
8773,469300,Charlie,Pablo,RAINFOREST_RESIN,SEASHELLS,9992.0,4
8777,469500,Charlie,Penelope,RAINFOREST_RESIN,SEASHELLS,9992.0,6
8778,469500,Charlie,Pablo,RAINFOREST_RESIN,SEASHELLS,9998.0,4
8783,469700,Paris,Charlie,RAINFOREST_RESIN,SEASHELLS,10001.0,1
8812,470800,Charlie,Paris,RAINFOREST_RESIN,SEASHELLS,9999.0,1
8825,471300,Charlie,Penelope,RAINFOREST_RESIN,SEASHELLS,9992.0,8
8826,471400,Charlie,Pablo,RAINFOREST_RESIN,SEASHELLS,9992.0,6
8844,472400,Charlie,Paris,RAINFOREST_RESIN,SEASHELLS,9992.0,1
8867,473500,Charlie,Paris,RAINFOREST_RESIN,SEASHELLS,9992.0,1
8883,474100,Caesar,Paris,RAINFOREST_RESIN,SEASHELLS,9999.0,1
8884,474200,Penelope,Charlie,RAINFOREST_RESIN,SEASHELLS,10008.0,7
8890,474700,Gina,Camilla,RAINFOREST_RESIN,SEASHELLS,10003.0,2
8891,474700,Pablo,Charlie,RAINFOREST_RESIN,SEASHELLS,10008.0,5
8892,474700,Gina,Charlie,RAINFOREST_RESIN,SEASHELLS,10003.0,10
8894,474800,Paris,Charlie,RAINFOREST_RESIN,SEASHELLS,10001.0,1
8904,475100,Pablo,Paris,RAINFOREST_RESIN,SEASHELLS,10002.0,2
8905,475100,Pablo,Caesar,RAINFOREST_RESIN,SEASHELLS,10002.0,2
8917,475700,Gary,Camilla,RAINFOREST_RESIN,SEASHELLS,10003.0,2
8920,476100,Charlie,Penelope,RAINFOREST_RESIN,SEASHELLS,9992.0,7
8921,476100,Charlie,Paris,RAINFOREST_RESIN,SEASHELLS,9992.0,2
8927,476500,Charlie,Paris,RAINFOREST_RESIN,SEASHELLS,9999.0,1
8932,476700,Gary,Pablo,RAINFOREST_RESIN,SEASHELLS,9998.0,4
8952,477200,Gary,Charlie,RAINFOREST_RESIN,SEASHELLS,10008.0,8
8970,478000,Paris,Charlie,RAINFOREST_RESIN,SEASHELLS,10008.0,2
8981,478500,Charlie,Paris,RAINFOREST_RESIN,SEASHELLS,9992.0,1
9003,479200,Charlie,Paris,RAINFOREST_RESIN,SEASHELLS,9992.0,1
9015,480200,Paris,Charlie,RAINFOREST_RESIN,SEASHELLS,10008.0,2
9017,480300,Pablo,Charlie,RAINFOREST_RESIN,SEASHELLS,10008.0,4
9053,482200,Charlie,Paris,RAINFOREST_RESIN,SEASHELLS,9999.0,1
9056,482500,Pablo,Paris,RAINFOREST_RESIN,SEASHELLS,10002.0,1
9057,482500,Pablo,Caesar,RAINFOREST_RESIN,SEASHELLS,10002.0,4
9082,483300,Caesar,Paris,RAINFOREST_RESIN,SEASHELLS,9999.0,1
9100,484600,Charlie,Pablo,RAINFOREST_RESIN,SEASHELLS,9998.0,3
9102,484800,Charlie,Pablo,RAINFOREST_RESIN,SEASHELLS,9992.0,6
9108,485000,Charlie,Gina,RAINFOREST_RESIN,SEASHELLS,9997.0,10
9121,485400,Charlie,Pablo,RAINFOREST_RESIN,SEASHELLS,9992.0,4
9135,486200,Gina,Charlie,RAINFOREST_RESIN,SEASHELLS,10003.0,10
9145,486600,Charlie,Paris,RAINFOREST_RESIN,SEASHELLS,9999.0,1
9147,486700,Penelope,Charlie,RAINFOREST_RESIN,SEASHELLS,10008.0,8
9148,486700,Charlie,Paris,RAINFOREST_RESIN,SEASHELLS,9992.0,1
9155,487500,Penelope,Charlie,RAINFOREST_RESIN,SEASHELLS,10008.0,6
9156,487600,Paris,Charlie,RAINFOREST_RESIN,SEASHELLS,10008.0,2
9160,487900,Charlie,Paris,RAINFOREST_RESIN,SEASHELLS,9992.0,2
9161,488000,Pablo,Charlie,RAINFOREST_RESIN,SEASHELLS,10008.0,5
9164,488200,Pablo,Caesar,RAINFOREST_RESIN,SEASHELLS,10002.0,4
9181,489500,Charlie,Paris,RAINFOREST_RESIN,SEASHELLS,9999.0,1
9184,489700,Pablo,Caesar,RAINFOREST_RESIN,SEASHELLS,10002.0,3
9185,489700,Pablo,Charlie,RAINFOREST_RESIN,SEASHELLS,10002.0,2
9189,489900,Charlie,Paris,RAINFOREST_RESIN,SEASHELLS,9992.0,1
9192,490300,Charlie,Penelope,RAINFOREST_RESIN,SEASHELLS,9992.0,4
9201,491100,Charlie,Paris,RAINFOREST_RESIN,SEASHELLS,9992.0,2
9205,491300,Paris,Charlie,RAINFOREST_RESIN,SEASHELLS,10001.0,1
9217,492100,Charlie,Paris,RAINFOREST_RESIN,SEASHELLS,9992.0,1
9231,492400,Charlie,Pablo,RAINFOREST_RESIN,SEASHELLS,9998.0,5
9236,492900,Gina,Pablo,RAINFOREST_RESIN,SEASHELLS,9998.0,5
9237,492900,Gina,Caesar,RAINFOREST_RESIN,SEASHELLS,10003.0,6
9243,493000,Paris,Charlie,RAINFOREST_RESIN,SEASHELLS,10001.0,1
9257,493900,Charlie,Paris,RAINFOREST_RESIN,SEASHELLS,9992.0,2
9263,494000,Charlie,Paris,RAINFOREST_RESIN,SEASHELLS,9992.0,2
9268,494200,Penelope,Charlie,RAINFOREST_RESIN,SEASHELLS,10008.0,6
9270,494300,Pablo,Caesar,RAINFOREST_RESIN,SEASHELLS,10002.0,3
9272,494500,Charlie,Paris,RAINFOREST_RESIN,SEASHELLS,9999.0,1
9309,496100,Pablo,Charlie,RAINFOREST_RESIN,SEASHELLS,10002.0,5
9317,496200,Charlie,Penelope,RAINFOREST_RESIN,SEASHELLS,9992.0,5
9323,496600,Penelope,Charlie,RAINFOREST_RESIN,SEASHELLS,10008.0,8
9324,496600,Paris,Charlie,RAINFOREST_RESIN,SEASHELLS,10001.0,1
9326,496700,Paris,Charlie,RAINFOREST_RESIN,SEASHELLS,10008.0,1
9333,497100,Penelope,Camilla,RAINFOREST_RESIN,SEASHELLS,10003.0,7
9334,497100,Charlie,Paris,RAINFOREST_RESIN,SEASHELLS,9992.0,2
9344,497500,Penelope,Charlie,RAINFOREST_RESIN,SEASHELLS,10008.0,7
9363,498300,Paris,Caesar,RAINFOREST_RESIN,SEASHELLS,10001.0,1
9365,498400,Charlie,Penelope,RAINFOREST_RESIN,SEASHELLS,9992.0,6
9367,498600,Paris,Charlie,RAINFOREST_RESIN,SEASHELLS,10001.0,1
9378,499000,Paris,Penelope,RAINFOREST_RESIN,SEASHELLS,10001.0,1
9380,499600,Paris,Caesar,RAINFOREST_RESIN,SEASHELLS,10001.0,1
9389,500400,Pablo,Caesar,RAINFOREST_RESIN,SEASHELLS,10002.0,3
9411,501300,Gina,Charlie,RAINFOREST_RESIN,SEASHELLS,10003.0,9
9425,502200,Paris,Caesar,RAINFOREST_RESIN,SEASHELLS,10001.0,1
9466,503800,Charlie,Pablo,RAINFOREST_RESIN,SEASHELLS,9998.0,4
9467,503900,Paris,Paris,RAINFOREST_RESIN,SEASHELLS,9999.0,1
9471,504200,Paris,Charlie,RAINFOREST_RESIN,SEASHELLS,10008.0,2
9472,504300,Pablo,Charlie,RAINFOREST_RESIN,SEASHELLS,10002.0,3
9490,505300,Gina,Penelope,RAINFOREST_RESIN,SEASHELLS,10003.0,8
9491,505300,Gina,Charlie,RAINFOREST_RESIN,SEASHELLS,10003.0,4
9492,505400,Pablo,Charlie,RAINFOREST_RESIN,SEASHELLS,10002.0,4
9503,505900,Pablo,Charlie,RAINFOREST_RESIN,SEASHELLS,10008.0,4
9526,506700,Caesar,Pablo,RAINFOREST_RESIN,SEASHELLS,9998.0,3
9545,508200,Charlie,Paris,RAINFOREST_RESIN,SEASHELLS,9992.0,1
9554,508700,Pablo,Caesar,RAINFOREST_RESIN,SEASHELLS,10002.0,4
9558,508900,Pablo,Charlie,RAINFOREST_RESIN,SEASHELLS,10002.0,4
9563,509400,Pablo,Charlie,RAINFOREST_RESIN,SEASHELLS,10002.0,5
9568,509700,Pablo,Paris,RAINFOREST_RESIN,SEASHELLS,10002.0,1
9588,510900,Penelope,Caesar,RAINFOREST_RESIN,SEASHELLS,10000.0,3
9607,511700,Paris,Charlie,RAINFOREST_RESIN,SEASHELLS,10008.0,2
9608,511800,Charlie,Paris,RAINFOREST_RESIN,SEASHELLS,9992.0,2
9644,514300,Gary,Pablo,RAINFOREST_RESIN,SEASHELLS,9998.0,3
9651,514900,Paris,Pablo,RAINFOREST_RESIN,SEASHELLS,10001.0,1
9652,514900,Charlie,Paris,RAINFOREST_RESIN,SEASHELLS,9992.0,1
9653,515000,Charlie,Paris,RAINFOREST_RESIN,SEASHELLS,9999.0,1
9662,515300,Paris,Charlie,RAINFOREST_RESIN,SEASHELLS,10001.0,1
9666,515600,Camilla,Gary,RAINFOREST_RESIN,SEASHELLS,9997.0,3
9687,517100,Paris,Charlie,RAINFOREST_RESIN,SEASHELLS,10008.0,2
9689,517200,Paris,Charlie,RAINFOREST_RESIN,SEASHELLS,10008.0,1
9691,517300,Charlie,Pablo,RAINFOREST_RESIN,SEASHELLS,9998.0,5
9694,517500,Camilla,Paris,RAINFOREST_RESIN,SEASHELLS,9997.0,2
9697,517700,Paris,Charlie,RAINFOREST_RESIN,SEASHELLS,10008.0,2
9702,518100,Caesar,Gina,RAINFOREST_RESIN,SEASHELLS,9997.0,10
9712,518700,Charlie,Paris,RAINFOREST_RESIN,SEASHELLS,9992.0,2
9713,518800,Paris,Charlie,RAINFOREST_RESIN,SEASHELLS,10008.0,2
9716,519100,Charlie,Paris,RAINFOREST_RESIN,SEASHELLS,9992.0,2
9743,520200,Charlie,Paris,RAINFOREST_RESIN,SEASHELLS,9999.0,1
9769,521500,Camilla,Paris,RAINFOREST_RESIN,SEASHELLS,9997.0,1
9784,522700,Charlie,Paris,RAINFOREST_RESIN,SEASHELLS,9992.0,2
9793,523100,Gina,Pablo,RAINFOREST_RESIN,SEASHELLS,9998.0,5
9794,523100,Gina,Charlie,RAINFOREST_RESIN,SEASHELLS,10003.0,4
9803,523300,Pablo,Charlie,RAINFOREST_RESIN,SEASHELLS,10002.0,5
9805,523500,Pablo,Charlie,RAINFOREST_RESIN,SEASHELLS,10008.0,5
9806,523800,Paris,Caesar,RAINFOREST_RESIN,SEASHELLS,10001.0,1
9808,523900,Charlie,Paris,RAINFOREST_RESIN,SEASHELLS,9999.0,1
9818,524000,Charlie,Paris,RAINFOREST_RESIN,SEASHELLS,9992.0,1
9824,524500,Charlie,Paris,RAINFOREST_RESIN,SEASHELLS,9999.0,1
9834,525300,Charlie,Penelope,RAINFOREST_RESIN,SEASHELLS,9992.0,4
9835,525300,Caesar,Pablo,RAINFOREST_RESIN,SEASHELLS,9998.0,5
9837,525800,Paris,Caesar,RAINFOREST_RESIN,SEASHELLS,10001.0,1
9839,525900,Charlie,Paris,RAINFOREST_RESIN,SEASHELLS,9992.0,2
9853,526800,Caesar,Paris,RAINFOREST_RESIN,SEASHELLS,10000.0,1
9856,527300,Charlie,Penelope,RAINFOREST_RESIN,SEASHELLS,9992.0,5
9884,528900,Charlie,Paris,RAINFOREST_RESIN,SEASHELLS,9992.0,1
9887,529100,Penelope,Charlie,RAINFOREST_RESIN,SEASHELLS,10008.0,5
9888,529100,Paris,Charlie,RAINFOREST_RESIN,SEASHELLS,10001.0,1
9907,530100,Charlie,Paris,RAINFOREST_RESIN,SEASHELLS,9999.0,1
9910,530400,Charlie,Gary,RAINFOREST_RESIN,SEASHELLS,9992.0,7
9920,531100,Charlie,Paris,RAINFOREST_RESIN,SEASHELLS,9992.0,2
9927,531800,Charlie,Pablo,RAINFOREST_RESIN,SEASHELLS,9992.0,6
9942,532300,Charlie,Penelope,RAINFOREST_RESIN,SEASHELLS,9992.0,4
9945,532500,Paris,Charlie,RAINFOREST_RESIN,SEASHELLS,10008.0,1
9951,533000,Paris,Pablo,RAINFOREST_RESIN,SEASHELLS,10001.0,1
9953,533400,Pablo,Caesar,RAINFOREST_RESIN,SEASHELLS,10002.0,3
9955,533600,Paris,Charlie,RAINFOREST_RESIN,SEASHELLS,10008.0,2
9959,533800,Penelope,Charlie,RAINFOREST_RESIN,SEASHELLS,10008.0,5
9961,534000,Charlie,Gary,RAINFOREST_RESIN,SEASHELLS,9992.0,9
9964,534300,Charlie,Pablo,RAINFOREST_RESIN,SEASHELLS,9992.0,6
9968,534700,Charlie,Paris,RAINFOREST_RESIN,SEASHELLS,9992.0,2
10004,536500,Gary,Camilla,RAINFOREST_RESIN,SEASHELLS,10003.0,6
10005,536500,Gary,Caesar,RAINFOREST_RESIN,SEASHELLS,10003.0,1
10013,537100,Paris,Charlie,RAINFOREST_RESIN,SEASHELLS,10008.0,1
10052,538600,Charlie,Pablo,RAINFOREST_RESIN,SEASHELLS,9992.0,6
10065,539000,Pablo,Paris,RAINFOREST_RESIN,SEASHELLS,10002.0,1
10068,539300,Charlie,Gary,RAINFOREST_RESIN,SEASHELLS,9992.0,8
10079,540000,Caesar,Paris,RAINFOREST_RESIN,SEASHELLS,9999.0,1
10083,540600,Paris,Charlie,RAINFOREST_RESIN,SEASHELLS,10008.0,2
10086,541100,Paris,Charlie,RAINFOREST_RESIN,SEASHELLS,10008.0,2
10108,541600,Charlie,Pablo,RAINFOREST_RESIN,SEASHELLS,9992.0,6
10111,541800,Charlie,Gina,RAINFOREST_RESIN,SEASHELLS,9997.0,10
10115,542000,Charlie,Penelope,RAINFOREST_RESIN,SEASHELLS,9992.0,6
10116,542200,Pablo,Charlie,RAINFOREST_RESIN,SEASHELLS,10002.0,3
10118,542400,Charlie,Penelope,RAINFOREST_RESIN,SEASHELLS,9992.0,8
10148,544200,Paris,Charlie,RAINFOREST_RESIN,SEASHELLS,10008.0,2
10165,545000,Pablo,Charlie,RAINFOREST_RESIN,SEASHELLS,10002.0,3
10169,545100,Camilla,Penelope,RAINFOREST_RESIN,SEASHELLS,9997.0,5
10173,545300,Paris,Charlie,RAINFOREST_RESIN,SEASHELLS,10001.0,1
10176,545400,Charlie,Penelope,RAINFOREST_RESIN,SEASHELLS,9992.0,8
10189,546200,Gary,Charlie,RAINFOREST_RESIN,SEASHELLS,10008.0,9
10191,546500,Pablo,Pablo,RAINFOREST_RESIN,SEASHELLS,9998.0,4
10192,546500,Caesar,Pablo,RAINFOREST_RESIN,SEASHELLS,9998.0,1
10216,548200,Penelope,Charlie,RAINFOREST_RESIN,SEASHELLS,10008.0,8
10269,551800,Charlie,Paris,RAINFOREST_RESIN,SEASHELLS,9999.0,1
10278,552100,Charlie,Penelope,RAINFOREST_RESIN,SEASHELLS,9992.0,7
10280,552200,Charlie,Paris,RAINFOREST_RESIN,SEASHELLS,9992.0,2
10281,552500,Charlie,Penelope,RAINFOREST_RESIN,SEASHELLS,9992.0,6
10284,552600,Charlie,Gina,RAINFOREST_RESIN,SEASHELLS,9997.0,6
10298,553100,Penelope,Charlie,RAINFOREST_RESIN,SEASHELLS,10008.0,5
10299,553100,Charlie,Paris,RAINFOREST_RESIN,SEASHELLS,9992.0,2
10306,553600,Charlie,Paris,RAINFOREST_RESIN,SEASHELLS,9999.0,1
10310,553900,Penelope,Pablo,RAINFOREST_RESIN,SEASHELLS,9998.0,4
10312,554000,Charlie,Paris,RAINFOREST_RESIN,SEASHELLS,9992.0,2
10327,554900,Paris,Charlie,RAINFOREST_RESIN,SEASHELLS,10001.0,1
10333,555600,Paris,Charlie,RAINFOREST_RESIN,SEASHELLS,10001.0,1
10334,555700,Charlie,Pablo,RAINFOREST_RESIN,SEASHELLS,9998.0,4
10356,556600,Charlie,Gary,RAINFOREST_RESIN,SEASHELLS,9992.0,7
10364,556900,Charlie,Penelope,RAINFOREST_RESIN,SEASHELLS,9992.0,5
10369,557100,Paris,Charlie,RAINFOREST_RESIN,SEASHELLS,10001.0,1
10388,558300,Pablo,Charlie,RAINFOREST_RESIN,SEASHELLS,10008.0,6
10391,558400,Paris,Charlie,RAINFOREST_RESIN,SEASHELLS,10001.0,1
10396,558700,Pablo,Paris,RAINFOREST_RESIN,SEASHELLS,10002.0,2
10406,559100,Pablo,Charlie,RAINFOREST_RESIN,SEASHELLS,10002.0,5
10420,560600,Paris,Penelope,RAINFOREST_RESIN,SEASHELLS,10001.0,1
10423,560800,Pablo,Charlie,RAINFOREST_RESIN,SEASHELLS,10002.0,3
10428,561300,Charlie,Pablo,RAINFOREST_RESIN,SEASHELLS,9998.0,5
10429,561400,Charlie,Pablo,RAINFOREST_RESIN,SEASHELLS,9998.0,4
10437,562300,Charlie,Gary,RAINFOREST_RESIN,SEASHELLS,9992.0,6
10443,562700,Charlie,Paris,RAINFOREST_RESIN,SEASHELLS,9999.0,1
10446,563200,Charlie,Paris,RAINFOREST_RESIN,SEASHELLS,9992.0,1
10449,563700,Charlie,Paris,RAINFOREST_RESIN,SEASHELLS,9992.0,1
10463,564300,Penelope,Charlie,RAINFOREST_RESIN,SEASHELLS,10008.0,7
10472,564700,Pablo,Charlie,RAINFOREST_RESIN,SEASHELLS,10002.0,3
10475,564800,Charlie,Paris,RAINFOREST_RESIN,SEASHELLS,9992.0,2
10478,565000,Charlie,Paris,RAINFOREST_RESIN,SEASHELLS,9992.0,1
10483,565100,Charlie,Pablo,RAINFOREST_RESIN,SEASHELLS,9998.0,3
10536,568200,Caesar,Pablo,RAINFOREST_RESIN,SEASHELLS,9998.0,4
10542,568300,Charlie,Pablo,RAINFOREST_RESIN,SEASHELLS,9992.0,5
10547,568600,Pablo,Gary,RAINFOREST_RESIN,SEASHELLS,10002.0,5
10550,568700,Pablo,Paris,RAINFOREST_RESIN,SEASHELLS,9999.0,1
10574,570700,Caesar,Paris,RAINFOREST_RESIN,SEASHELLS,9999.0,1
10586,571500,Paris,Charlie,RAINFOREST_RESIN,SEASHELLS,10008.0,2
10600,572400,Pablo,Charlie,RAINFOREST_RESIN,SEASHELLS,10008.0,6
10602,572600,Charlie,Pablo,RAINFOREST_RESIN,SEASHELLS,9992.0,5
10605,572700,Charlie,Penelope,RAINFOREST_RESIN,SEASHELLS,9992.0,5
10606,572900,Charlie,Pablo,RAINFOREST_RESIN,SEASHELLS,9998.0,4
10609,573100,Paris,Charlie,RAINFOREST_RESIN,SEASHELLS,10001.0,1
10615,573500,Charlie,Pablo,RAINFOREST_RESIN,SEASHELLS,9992.0,6
10616,573500,Charlie,Pablo,RAINFOREST_RESIN,SEASHELLS,9998.0,3
10621,573900,Pablo,Charlie,RAINFOREST_RESIN,SEASHELLS,10008.0,6
10627,574100,Charlie,Penelope,RAINFOREST_RESIN,SEASHELLS,9992.0,4
10635,574900,Paris,Charlie,RAINFOREST_RESIN,SEASHELLS,10001.0,1
10637,575200,Paris,Charlie,RAINFOREST_RESIN,SEASHELLS,10001.0,1
10649,575900,Gina,Camilla,RAINFOREST_RESIN,SEASHELLS,10003.0,4
10650,575900,Paris,Charlie,RAINFOREST_RESIN,SEASHELLS,10008.0,1
10658,576500,Gina,Caesar,RAINFOREST_RESIN,SEASHELLS,10003.0,7
10685,577300,Charlie,Penelope,RAINFOREST_RESIN,SEASHELLS,9992.0,6
10700,577900,Charlie,Paris,RAINFOREST_RESIN,SEASHELLS,9999.0,1
10740,580300,Charlie,Paris,RAINFOREST_RESIN,SEASHELLS,9992.0,2
10776,582600,Charlie,Penelope,RAINFOREST_RESIN,SEASHELLS,9992.0,5
10777,582800,Charlie,Paris,RAINFOREST_RESIN,SEASHELLS,9999.0,1
10784,583200,Pablo,Paris,RAINFOREST_RESIN,SEASHELLS,10002.0,1
10785,583200,Pablo,Charlie,RAINFOREST_RESIN,SEASHELLS,10002.0,2
10786,583300,Penelope,Charlie,RAINFOREST_RESIN,SEASHELLS,10008.0,6
10804,584700,Paris,Charlie,RAINFOREST_RESIN,SEASHELLS,10008.0,1
10806,584800,Gary,Charlie,RAINFOREST_RESIN,SEASHELLS,10008.0,6
10817,585100,Charlie,Penelope,RAINFOREST_RESIN,SEASHELLS,9992.0,8
10834,585800,Charlie,Paris,RAINFOREST_RESIN,SEASHELLS,9992.0,2
10862,587900,Penelope,Charlie,RAINFOREST_RESIN,SEASHELLS,10008.0,7
10864,588000,Charlie,Paris,RAINFOREST_RESIN,SEASHELLS,9999.0,1
10878,588500,Charlie,Penelope,RAINFOREST_RESIN,SEASHELLS,9992.0,6
10879,588700,Pablo,Charlie,RAINFOREST_RESIN,SEASHELLS,10002.0,5
10886,589100,Pablo,Penelope,RAINFOREST_RESIN,SEASHELLS,10002.0,3
10898,589200,Paris,Charlie,RAINFOREST_RESIN,SEASHELLS,10001.0,1
10899,589400,Paris,Charlie,RAINFOREST_RESIN,SEASHELLS,10008.0,2
10900,589700,Charlie,Paris,RAINFOREST_RESIN,SEASHELLS,9999.0,1
10911,590000,Paris,Charlie,RAINFOREST_RESIN,SEASHELLS,10008.0,1
10913,590100,Penelope,Charlie,RAINFOREST_RESIN,SEASHELLS,10008.0,4
10928,590500,Charlie,Pablo,RAINFOREST_RESIN,SEASHELLS,9992.0,4
10929,590700,Pablo,Charlie,RAINFOREST_RESIN,SEASHELLS,10008.0,6
10945,591500,Penelope,Charlie,RAINFOREST_RESIN,SEASHELLS,10008.0,4
10964,592700,Charlie,Paris,RAINFOREST_RESIN,SEASHELLS,9999.0,1
10976,593000,Pablo,Charlie,RAINFOREST_RESIN,SEASHELLS,10008.0,4
10977,593000,Paris,Charlie,RAINFOREST_RESIN,SEASHELLS,10001.0,1
10984,593400,Pablo,Charlie,RAINFOREST_RESIN,SEASHELLS,10008.0,4
10997,593800,Charlie,Pablo,RAINFOREST_RESIN,SEASHELLS,9992.0,6
11008,593900,Charlie,Paris,RAINFOREST_RESIN,SEASHELLS,9999.0,1
11010,594100,Paris,Charlie,RAINFOREST_RESIN,SEASHELLS,10008.0,2
11011,594200,Paris,Charlie,RAINFOREST_RESIN,SEASHELLS,10008.0,2
11014,594400,Charlie,Pablo,RAINFOREST_RESIN,SEASHELLS,9998.0,4
11019,594900,Charlie,Paris,RAINFOREST_RESIN,SEASHELLS,9992.0,2
11025,595400,Paris,Charlie,RAINFOREST_RESIN,SEASHELLS,10008.0,2
11028,595500,Charlie,Paris,RAINFOREST_RESIN,SEASHELLS,9999.0,1
11032,595700,Penelope,Charlie,RAINFOREST_RESIN,SEASHELLS,10008.0,5
11035,595800,Charlie,Paris,RAINFOREST_RESIN,SEASHELLS,9999.0,1
11041,596200,Charlie,Paris,RAINFOREST_RESIN,SEASHELLS,9992.0,2
11043,596300,Charlie,Pablo,RAINFOREST_RESIN,SEASHELLS,9998.0,5
11049,596700,Charlie,Paris,RAINFOREST_RESIN,SEASHELLS,9999.0,1
11052,597200,Charlie,Paris,RAINFOREST_RESIN,SEASHELLS,9999.0,1
11055,597500,Charlie,Paris,RAINFOREST_RESIN,SEASHELLS,9992.0,1
11061,598500,Charlie,Pablo,RAINFOREST_RESIN,SEASHELLS,9998.0,3
11081,600100,Paris,Paris,RAINFOREST_RESIN,SEASHELLS,10001.0,1
11084,600300,Paris,Charlie,RAINFOREST_RESIN,SEASHELLS,10001.0,1
11099,601200,Penelope,Charlie,RAINFOREST_RESIN,SEASHELLS,10008.0,6
11106,601600,Paris,Charlie,RAINFOREST_RESIN,SEASHELLS,10008.0,2
11107,601800,Penelope,Charlie,RAINFOREST_RESIN,SEASHELLS,10008.0,4
11111,602000,Paris,Charlie,RAINFOREST_RESIN,SEASHELLS,10008.0,1
11155,604000,Charlie,Pablo,RAINFOREST_RESIN,SEASHELLS,9998.0,3
11168,604100,Penelope,Charlie,RAINFOREST_RESIN,SEASHELLS,10008.0,6
11177,604900,Caesar,Pablo,RAINFOREST_RESIN,SEASHELLS,9998.0,4
11203,605900,Penelope,Charlie,RAINFOREST_RESIN,SEASHELLS,10008.0,7
11204,606000,Paris,Charlie,RAINFOREST_RESIN,SEASHELLS,10008.0,1
11215,606500,Paris,Caesar,RAINFOREST_RESIN,SEASHELLS,10001.0,1
11219,607000,Pablo,Caesar,RAINFOREST_RESIN,SEASHELLS,10002.0,3
11225,607600,Charlie,Paris,RAINFOREST_RESIN,SEASHELLS,9999.0,1
11242,608200,Paris,Paris,RAINFOREST_RESIN,SEASHELLS,10001.0,1
11243,608300,Pablo,Charlie,RAINFOREST_RESIN,SEASHELLS,10008.0,4
11260,609000,Pablo,Charlie,RAINFOREST_RESIN,SEASHELLS,10002.0,4
11262,609300,Charlie,Penelope,RAINFOREST_RESIN,SEASHELLS,9992.0,5
11267,609500,Charlie,Penelope,RAINFOREST_RESIN,SEASHELLS,9992.0,6
11276,610100,Charlie,Pablo,RAINFOREST_RESIN,SEASHELLS,9992.0,6
11289,611200,Charlie,Paris,RAINFOREST_RESIN,SEASHELLS,9999.0,1
11300,611500,Charlie,Gina,RAINFOREST_RESIN,SEASHELLS,9997.0,9
11323,612900,Charlie,Pablo,RAINFOREST_RESIN,SEASHELLS,9992.0,4
11329,613100,Gary,Charlie,RAINFOREST_RESIN,SEASHELLS,10008.0,10
11341,614300,Penelope,Charlie,RAINFOREST_RESIN,SEASHELLS,10008.0,6
11342,614300,Paris,Charlie,RAINFOREST_RESIN,SEASHELLS,10001.0,1
11353,614900,Penelope,Paris,RAINFOREST_RESIN,SEASHELLS,9999.0,1
11368,615400,Charlie,Penelope,RAINFOREST_RESIN,SEASHELLS,9992.0,8
11373,615700,Paris,Charlie,RAINFOREST_RESIN,SEASHELLS,10008.0,1
11375,615900,Charlie,Pablo,RAINFOREST_RESIN,SEASHELLS,9998.0,3
11395,617200,Caesar,Paris,RAINFOREST_RESIN,SEASHELLS,9999.0,1
11396,617300,Charlie,Penelope,RAINFOREST_RESIN,SEASHELLS,9992.0,4
11407,617700,Camilla,Penelope,RAINFOREST_RESIN,SEASHELLS,9997.0,7
11409,617800,Charlie,Paris,RAINFOREST_RESIN,SEASHELLS,9992.0,2
11431,618900,Paris,Caesar,RAINFOREST_RESIN,SEASHELLS,10001.0,1
11433,619100,Charlie,Paris,RAINFOREST_RESIN,SEASHELLS,9999.0,1
11457,620000,Paris,Charlie,RAINFOREST_RESIN,SEASHELLS,10008.0,1
11460,620400,Gary,Charlie,RAINFOREST_RESIN,SEASHELLS,10008.0,9
11461,620400,Paris,Charlie,RAINFOREST_RESIN,SEASHELLS,10008.0,1
11462,620400,Paris,Charlie,RAINFOREST_RESIN,SEASHELLS,10001.0,1
11467,620800,Charlie,Gary,RAINFOREST_RESIN,SEASHELLS,9992.0,7
11469,621000,Pablo,Charlie,RAINFOREST_RESIN,SEASHELLS,10008.0,4
11485,621900,Gina,Charlie,RAINFOREST_RESIN,SEASHELLS,10003.0,7
11496,622200,Penelope,Paris,RAINFOREST_RESIN,SEASHELLS,9999.0,1
11523,623900,Pablo,Charlie,RAINFOREST_RESIN,SEASHELLS,10002.0,5
11531,624000,Pablo,Caesar,RAINFOREST_RESIN,SEASHELLS,10002.0,4
11590,626500,Penelope,Camilla,RAINFOREST_RESIN,SEASHELLS,10003.0,6
11594,626900,Charlie,Penelope,RAINFOREST_RESIN,SEASHELLS,9992.0,4
11597,627200,Charlie,Penelope,RAINFOREST_RESIN,SEASHELLS,9992.0,8
11598,627200,Charlie,Pablo,RAINFOREST_RESIN,SEASHELLS,9998.0,5
11599,627300,Charlie,Pablo,RAINFOREST_RESIN,SEASHELLS,9998.0,5
11600,627400,Caesar,Pablo,RAINFOREST_RESIN,SEASHELLS,9998.0,2
11608,628400,Charlie,Paris,RAINFOREST_RESIN,SEASHELLS,9992.0,2
11621,629100,Charlie,Gina,RAINFOREST_RESIN,SEASHELLS,9997.0,8
11632,629300,Caesar,Paris,RAINFOREST_RESIN,SEASHELLS,9999.0,1
11658,631200,Charlie,Paris,RAINFOREST_RESIN,SEASHELLS,9992.0,1
11662,631600,Penelope,Charlie,RAINFOREST_RESIN,SEASHELLS,10008.0,8
11669,632400,Gina,Pablo,RAINFOREST_RESIN,SEASHELLS,9998.0,3
11670,632400,Gina,Charlie,RAINFOREST_RESIN,SEASHELLS,10003.0,3
11675,633100,Charlie,Paris,RAINFOREST_RESIN,SEASHELLS,9992.0,1
11694,634300,Paris,Charlie,RAINFOREST_RESIN,SEASHELLS,10008.0,2
11696,634500,Paris,Charlie,RAINFOREST_RESIN,SEASHELLS,10008.0,1
11698,634800,Paris,Charlie,RAINFOREST_RESIN,SEASHELLS,10008.0,1
11701,634900,Camilla,Paris,RAINFOREST_RESIN,SEASHELLS,9997.0,1
11716,635100,Paris,Penelope,RAINFOREST_RESIN,SEASHELLS,10001.0,1
11751,637200,Charlie,Paris,RAINFOREST_RESIN,SEASHELLS,9992.0,2
11756,637500,Pablo,Caesar,RAINFOREST_RESIN,SEASHELLS,10002.0,5
11782,638800,Paris,Charlie,RAINFOREST_RESIN,SEASHELLS,10008.0,1
11790,639200,Paris,Charlie,RAINFOREST_RESIN,SEASHELLS,10001.0,1
11794,639400,Charlie,Paris,RAINFOREST_RESIN,SEASHELLS,9992.0,2
11798,639600,Charlie,Gary,RAINFOREST_RESIN,SEASHELLS,9992.0,6
11821,641400,Charlie,Paris,RAINFOREST_RESIN,SEASHELLS,9992.0,1
11830,641900,Charlie,Pablo,RAINFOREST_RESIN,SEASHELLS,9992.0,5
11833,642300,Pablo,Charlie,RAINFOREST_RESIN,SEASHELLS,10008.0,5
11841,642700,Paris,Charlie,RAINFOREST_RESIN,SEASHELLS,10008.0,2
11853,643600,Paris,Charlie,RAINFOREST_RESIN,SEASHELLS,10008.0,2
11855,643800,Charlie,Penelope,RAINFOREST_RESIN,SEASHELLS,9992.0,5
11883,645200,Charlie,Pablo,RAINFOREST_RESIN,SEASHELLS,9992.0,6
11898,645800,Charlie,Paris,RAINFOREST_RESIN,SEASHELLS,9992.0,1
11909,646400,Paris,Caesar,RAINFOREST_RESIN,SEASHELLS,10001.0,1
11910,646500,Penelope,Charlie,RAINFOREST_RESIN,SEASHELLS,10008.0,4
11913,647100,Charlie,Paris,RAINFOREST_RESIN,SEASHELLS,9992.0,1
11914,647200,Paris,Caesar,RAINFOREST_RESIN,SEASHELLS,10001.0,1
11925,647800,Charlie,Paris,RAINFOREST_RESIN,SEASHELLS,9999.0,1
11933,648200,Charlie,Paris,RAINFOREST_RESIN,SEASHELLS,9999.0,1
11940,648600,Charlie,Paris,RAINFOREST_RESIN,SEASHELLS,9992.0,1
11952,649500,Charlie,Gary,RAINFOREST_RESIN,SEASHELLS,9992.0,6
11975,651400,Charlie,Paris,RAINFOREST_RESIN,SEASHELLS,9992.0,1
11982,651800,Gary,Charlie,RAINFOREST_RESIN,SEASHELLS,10008.0,10
11984,651900,Penelope,Charlie,RAINFOREST_RESIN,SEASHELLS,10008.0,8
12000,652600,Paris,Charlie,RAINFOREST_RESIN,SEASHELLS,10008.0,1
12015,653600,Camilla,Paris,RAINFOREST_RESIN,SEASHELLS,9997.0,2
12018,653700,Gina,Pablo,RAINFOREST_RESIN,SEASHELLS,9998.0,3
12019,653700,Gina,Charlie,RAINFOREST_RESIN,SEASHELLS,10003.0,9
12037,654600,Camilla,Paris,RAINFOREST_RESIN,SEASHELLS,9997.0,2
12052,655300,Gary,Charlie,RAINFOREST_RESIN,SEASHELLS,10008.0,10
12055,655700,Caesar,Paris,RAINFOREST_RESIN,SEASHELLS,9999.0,1
12072,656500,Paris,Charlie,RAINFOREST_RESIN,SEASHELLS,10008.0,2
12075,656600,Charlie,Paris,RAINFOREST_RESIN,SEASHELLS,9999.0,1
12089,657300,Paris,Charlie,RAINFOREST_RESIN,SEASHELLS,10001.0,1
12117,658800,Charlie,Paris,RAINFOREST_RESIN,SEASHELLS,9999.0,1
12119,659300,Pablo,Charlie,RAINFOREST_RESIN,SEASHELLS,10002.0,5
12121,659400,Charlie,Gina,RAINFOREST_RESIN,SEASHELLS,9997.0,8
12125,660000,Charlie,Penelope,RAINFOREST_RESIN,SEASHELLS,9992.0,6
12153,661300,Pablo,Paris,RAINFOREST_RESIN,SEASHELLS,10002.0,1
12157,661500,Paris,Charlie,RAINFOREST_RESIN,SEASHELLS,10008.0,2
12169,661900,Charlie,Penelope,RAINFOREST_RESIN,SEASHELLS,9992.0,8
12174,662300,Pablo,Charlie,RAINFOREST_RESIN,SEASHELLS,10002.0,4
12191,663500,Charlie,Penelope,RAINFOREST_RESIN,SEASHELLS,9992.0,5
12193,663600,Paris,Charlie,RAINFOREST_RESIN,SEASHELLS,10008.0,2
12198,664200,Charlie,Gary,RAINFOREST_RESIN,SEASHELLS,9992.0,10
12199,664200,Charlie,Paris,RAINFOREST_RESIN,SEASHELLS,9992.0,1
12225,665700,Charlie,Paris,RAINFOREST_RESIN,SEASHELLS,9992.0,2
12266,666600,Charlie,Penelope,RAINFOREST_RESIN,SEASHELLS,9992.0,5
12275,667000,Paris,Charlie,RAINFOREST_RESIN,SEASHELLS,10001.0,1
12301,667500,Paris,Charlie,RAINFOREST_RESIN,SEASHELLS,10008.0,1
12330,669600,Charlie,Pablo,RAINFOREST_RESIN,SEASHELLS,9998.0,4
12338,670200,Charlie,Paris,RAINFOREST_RESIN,SEASHELLS,9999.0,1
12343,671200,Pablo,Charlie,RAINFOREST_RESIN,SEASHELLS,10008.0,5
12348,671700,Penelope,Charlie,RAINFOREST_RESIN,SEASHELLS,10008.0,7
12350,671800,Pablo,Charlie,RAINFOREST_RESIN,SEASHELLS,10008.0,5
12358,672300,Penelope,Charlie,RAINFOREST_RESIN,SEASHELLS,10008.0,8
12370,672800,Paris,Charlie,RAINFOREST_RESIN,SEASHELLS,10001.0,1
12376,673100,Charlie,Pablo,RAINFOREST_RESIN,SEASHELLS,9998.0,5
12381,673600,Paris,Charlie,RAINFOREST_RESIN,SEASHELLS,10001.0,1
12385,674400,Paris,Gina,RAINFOREST_RESIN,SEASHELLS,10001.0,1
12386,674400,Camilla,Gina,RAINFOREST_RESIN,SEASHELLS,9997.0,3
12387,674400,Charlie,Gina,RAINFOREST_RESIN,SEASHELLS,9997.0,3
12394,674900,Gary,Charlie,RAINFOREST_RESIN,SEASHELLS,10008.0,10
12395,674900,Penelope,Charlie,RAINFOREST_RESIN,SEASHELLS,10008.0,7
12405,675400,Paris,Charlie,RAINFOREST_RESIN,SEASHELLS,10001.0,1
12406,675500,Paris,Caesar,RAINFOREST_RESIN,SEASHELLS,10001.0,1
12423,675800,Charlie,Paris,RAINFOREST_RESIN,SEASHELLS,9992.0,2
12429,676200,Charlie,Gary,RAINFOREST_RESIN,SEASHELLS,9992.0,9
12451,677200,Charlie,Pablo,RAINFOREST_RESIN,SEASHELLS,9998.0,5
12459,677800,Paris,Charlie,RAINFOREST_RESIN,SEASHELLS,10008.0,1
12463,677900,Charlie,Paris,RAINFOREST_RESIN,SEASHELLS,9992.0,1
12474,678000,Charlie,Pablo,RAINFOREST_RESIN,SEASHELLS,9998.0,5
12478,678400,Penelope,Charlie,RAINFOREST_RESIN,SEASHELLS,10008.0,8
12484,678700,Pablo,Charlie,RAINFOREST_RESIN,SEASHELLS,10002.0,3
12487,679000,Paris,Gina,RAINFOREST_RESIN,SEASHELLS,10001.0,1
12488,679000,Charlie,Gina,RAINFOREST_RESIN,SEASHELLS,9997.0,10
12489,679200,Caesar,Gina,RAINFOREST_RESIN,SEASHELLS,9997.0,8
12510,680000,Charlie,Penelope,RAINFOREST_RESIN,SEASHELLS,9992.0,4
12516,680500,Paris,Charlie,RAINFOREST_RESIN,SEASHELLS,10001.0,1
12532,681700,Charlie,Pablo,RAINFOREST_RESIN,SEASHELLS,9998.0,3
12543,682100,Caesar,Paris,RAINFOREST_RESIN,SEASHELLS,9999.0,1
12546,682200,Gina,Paris,RAINFOREST_RESIN,SEASHELLS,9999.0,1
12547,682200,Gina,Caesar,RAINFOREST_RESIN,SEASHELLS,10003.0,3
12548,682200,Gina,Penelope,RAINFOREST_RESIN,SEASHELLS,10003.0,7
12554,682600,Charlie,Paris,RAINFOREST_RESIN,SEASHELLS,9999.0,1
12566,683600,Charlie,Paris,RAINFOREST_RESIN,SEASHELLS,9992.0,1
12575,684100,Caesar,Paris,RAINFOREST_RESIN,SEASHELLS,9999.0,1
12591,685100,Charlie,Paris,RAINFOREST_RESIN,SEASHELLS,9992.0,1
12595,685300,Charlie,Pablo,RAINFOREST_RESIN,SEASHELLS,9992.0,4
12598,685400,Penelope,Paris,RAINFOREST_RESIN,SEASHELLS,9999.0,1
12600,685500,Charlie,Pablo,RAINFOREST_RESIN,SEASHELLS,9998.0,4
12602,685800,Gary,Charlie,RAINFOREST_RESIN,SEASHELLS,10008.0,9
12640,687300,Paris,Pablo,RAINFOREST_RESIN,SEASHELLS,9998.0,1
12641,687400,Penelope,Charlie,RAINFOREST_RESIN,SEASHELLS,10008.0,7
12653,688800,Charlie,Pablo,RAINFOREST_RESIN,SEASHELLS,9998.0,5
12655,689100,Charlie,Penelope,RAINFOREST_RESIN,SEASHELLS,9992.0,5
12658,689200,Charlie,Penelope,RAINFOREST_RESIN,SEASHELLS,9992.0,8
12662,689600,Charlie,Pablo,RAINFOREST_RESIN,SEASHELLS,9992.0,4
12666,689800,Charlie,Paris,RAINFOREST_RESIN,SEASHELLS,9992.0,2
12676,690300,Pablo,Gina,RAINFOREST_RESIN,SEASHELLS,10002.0,4
12677,690300,Camilla,Gina,RAINFOREST_RESIN,SEASHELLS,9997.0,2
12719,692000,Gary,Charlie,RAINFOREST_RESIN,SEASHELLS,10008.0,7
12733,692400,Charlie,Penelope,RAINFOREST_RESIN,SEASHELLS,9992.0,8
12744,693000,Paris,Caesar,RAINFOREST_RESIN,SEASHELLS,10001.0,1
12746,693100,Pablo,Charlie,RAINFOREST_RESIN,SEASHELLS,10002.0,3
12747,693100,Paris,Charlie,RAINFOREST_RESIN,SEASHELLS,10001.0,1
12761,693400,Charlie,Pablo,RAINFOREST_RESIN,SEASHELLS,9992.0,4
12762,693500,Paris,Charlie,RAINFOREST_RESIN,SEASHELLS,10008.0,1
12769,693900,Paris,Camilla,RAINFOREST_RESIN,SEASHELLS,10003.0,1
12796,694300,Penelope,Charlie,RAINFOREST_RESIN,SEASHELLS,10008.0,5
12798,694400,Pablo,Caesar,RAINFOREST_RESIN,SEASHELLS,10002.0,3
12807,695300,Charlie,Penelope,RAINFOREST_RESIN,SEASHELLS,9992.0,5
12808,695700,Charlie,Paris,RAINFOREST_RESIN,SEASHELLS,9992.0,2
12822,697100,Penelope,Charlie,RAINFOREST_RESIN,SEASHELLS,10008.0,7
12823,697100,Pablo,Paris,RAINFOREST_RESIN,SEASHELLS,10002.0,2
12833,697500,Paris,Charlie,RAINFOREST_RESIN,SEASHELLS,10008.0,1
12836,698200,Charlie,Paris,RAINFOREST_RESIN,SEASHELLS,9992.0,2
12842,698400,Paris,Charlie,RAINFOREST_RESIN,SEASHELLS,10008.0,1
12847,699100,Charlie,Penelope,RAINFOREST_RESIN,SEASHELLS,9992.0,5
12851,699700,Charlie,Pablo,RAINFOREST_RESIN,SEASHELLS,9992.0,6
12854,699800,Caesar,Pablo,RAINFOREST_RESIN,SEASHELLS,9998.0,5
12899,701200,Paris,Charlie,RAINFOREST_RESIN,SEASHELLS,10008.0,1
12900,701300,Paris,Charlie,RAINFOREST_RESIN,SEASHELLS,10001.0,1
12907,701800,Charlie,Paris,RAINFOREST_RESIN,SEASHELLS,9992.0,2
12908,702100,Charlie,Paris,RAINFOREST_RESIN,SEASHELLS,9992.0,1
12926,703600,Pablo,Charlie,RAINFOREST_RESIN,SEASHELLS,10008.0,4
12938,704200,Charlie,Penelope,RAINFOREST_RESIN,SEASHELLS,9992.0,6
12951,705000,Penelope,Charlie,RAINFOREST_RESIN,SEASHELLS,10008.0,7
12952,705000,Pablo,Charlie,RAINFOREST_RESIN,SEASHELLS,10002.0,5
12958,705200,Paris,Charlie,RAINFOREST_RESIN,SEASHELLS,10001.0,1
12967,705400,Paris,Charlie,RAINFOREST_RESIN,SEASHELLS,10008.0,2
12986,706500,Charlie,Paris,RAINFOREST_RESIN,SEASHELLS,9992.0,2
12989,706800,Paris,Charlie,RAINFOREST_RESIN,SEASHELLS,10008.0,1
12999,707200,Charlie,Paris,RAINFOREST_RESIN,SEASHELLS,9992.0,1
13012,707600,Paris,Charlie,RAINFOREST_RESIN,SEASHELLS,10008.0,1
13013,707700,Charlie,Paris,RAINFOREST_RESIN,SEASHELLS,9992.0,1
13014,707700,Charlie,Paris,RAINFOREST_RESIN,SEASHELLS,9999.0,1
13019,708200,Gary,Camilla,RAINFOREST_RESIN,SEASHELLS,10003.0,8
13038,708800,Paris,Charlie,RAINFOREST_RESIN,SEASHELLS,10001.0,1
13045,709700,Paris,Charlie,RAINFOREST_RESIN,SEASHELLS,10008.0,2
13046,709700,Paris,Caesar,RAINFOREST_RESIN,SEASHELLS,10001.0,1
13047,709800,Charlie,Paris,RAINFOREST_RESIN,SEASHELLS,9999.0,1
13055,709900,Paris,Charlie,RAINFOREST_RESIN,SEASHELLS,10008.0,1
13065,710500,Penelope,Charlie,RAINFOREST_RESIN,SEASHELLS,10008.0,4
13074,710900,Paris,Charlie,RAINFOREST_RESIN,SEASHELLS,10008.0,1
13092,712200,Charlie,Paris,RAINFOREST_RESIN,SEASHELLS,9992.0,2
13094,712800,Paris,Caesar,RAINFOREST_RESIN,SEASHELLS,10001.0,1
13103,713400,Charlie,Penelope,RAINFOREST_RESIN,SEASHELLS,9992.0,6
13114,713900,Charlie,Paris,RAINFOREST_RESIN,SEASHELLS,9999.0,1
13123,715000,Paris,Caesar,RAINFOREST_RESIN,SEASHELLS,10000.0,1
13129,715300,Charlie,Paris,RAINFOREST_RESIN,SEASHELLS,9992.0,2
13130,715300,Charlie,Pablo,RAINFOREST_RESIN,SEASHELLS,9998.0,3
13135,715400,Charlie,Penelope,RAINFOREST_RESIN,SEASHELLS,9992.0,5
13147,716300,Gina,Charlie,RAINFOREST_RESIN,SEASHELLS,10003.0,8
13154,716500,Charlie,Paris,RAINFOREST_RESIN,SEASHELLS,9992.0,2
13157,716700,Penelope,Camilla,RAINFOREST_RESIN,SEASHELLS,10003.0,2
13158,716700,Penelope,Paris,RAINFOREST_RESIN,SEASHELLS,10003.0,1
13160,716900,Paris,Charlie,RAINFOREST_RESIN,SEASHELLS,10001.0,1
13167,717100,Paris,Penelope,RAINFOREST_RESIN,SEASHELLS,10001.0,1
13172,717300,Gina,Charlie,RAINFOREST_RESIN,SEASHELLS,10003.0,9
13181,717600,Charlie,Paris,RAINFOREST_RESIN,SEASHELLS,9992.0,1
13186,717700,Paris,Charlie,RAINFOREST_RESIN,SEASHELLS,10001.0,1
13193,718000,Paris,Caesar,RAINFOREST_RESIN,SEASHELLS,10001.0,1
13209,718500,Paris,Charlie,RAINFOREST_RESIN,SEASHELLS,10001.0,1
13213,718800,Paris,Caesar,RAINFOREST_RESIN,SEASHELLS,10001.0,1
13219,719100,Pablo,Caesar,RAINFOREST_RESIN,SEASHELLS,10002.0,5
13235,720100,Camilla,Gina,RAINFOREST_RESIN,SEASHELLS,9997.0,5
13236,720100,Penelope,Gina,RAINFOREST_RESIN,SEASHELLS,9997.0,3
13238,720400,Charlie,Pablo,RAINFOREST_RESIN,SEASHELLS,9992.0,4
13263,721900,Charlie,Paris,RAINFOREST_RESIN,SEASHELLS,9999.0,1
13266,722000,Pablo,Charlie,RAINFOREST_RESIN,SEASHELLS,10008.0,4
13268,722200,Paris,Charlie,RAINFOREST_RESIN,SEASHELLS,10008.0,1
13273,722400,Charlie,Pablo,RAINFOREST_RESIN,SEASHELLS,9992.0,6
13310,724000,Paris,Charlie,RAINFOREST_RESIN,SEASHELLS,10008.0,1
13312,724100,Penelope,Charlie,RAINFOREST_RESIN,SEASHELLS,10008.0,6
13351,726500,Charlie,Paris,RAINFOREST_RESIN,SEASHELLS,9992.0,1
13352,726500,Charlie,Gina,RAINFOREST_RESIN,SEASHELLS,9997.0,9
13356,726700,Charlie,Pablo,RAINFOREST_RESIN,SEASHELLS,9998.0,4
13370,727100,Charlie,Paris,RAINFOREST_RESIN,SEASHELLS,9992.0,2
13371,727100,Charlie,Pablo,RAINFOREST_RESIN,SEASHELLS,9998.0,5
13374,727400,Charlie,Pablo,RAINFOREST_RESIN,SEASHELLS,9998.0,4
13383,727800,Paris,Camilla,RAINFOREST_RESIN,SEASHELLS,10003.0,2
13388,728100,Gina,Charlie,RAINFOREST_RESIN,SEASHELLS,10003.0,9
13390,728200,Charlie,Paris,RAINFOREST_RESIN,SEASHELLS,9999.0,1
13401,728400,Charlie,Gary,RAINFOREST_RESIN,SEASHELLS,9992.0,7
13408,728700,Pablo,Charlie,RAINFOREST_RESIN,SEASHELLS,10008.0,6
13411,728900,Paris,Pablo,RAINFOREST_RESIN,SEASHELLS,9998.0,1
13414,729000,Charlie,Paris,RAINFOREST_RESIN,SEASHELLS,9992.0,2
13431,730500,Pablo,Paris,RAINFOREST_RESIN,SEASHELLS,10002.0,1
13442,730900,Pablo,Paris,RAINFOREST_RESIN,SEASHELLS,9999.0,1
13464,731600,Charlie,Pablo,RAINFOREST_RESIN,SEASHELLS,9992.0,4
13471,732100,Charlie,Paris,RAINFOREST_RESIN,SEASHELLS,9992.0,2
13479,733100,Charlie,Paris,RAINFOREST_RESIN,SEASHELLS,9999.0,1
13481,733300,Pablo,Charlie,RAINFOREST_RESIN,SEASHELLS,10002.0,4
13506,734500,Charlie,Paris,RAINFOREST_RESIN,SEASHELLS,9992.0,1
13508,734600,Charlie,Penelope,RAINFOREST_RESIN,SEASHELLS,9992.0,4
13519,735100,Caesar,Penelope,RAINFOREST_RESIN,SEASHELLS,10000.0,3
13535,736000,Penelope,Charlie,RAINFOREST_RESIN,SEASHELLS,10008.0,7
13546,736300,Charlie,Paris,RAINFOREST_RESIN,SEASHELLS,9999.0,1
13556,736900,Paris,Charlie,RAINFOREST_RESIN,SEASHELLS,10001.0,1
13573,737400,Charlie,Paris,RAINFOREST_RESIN,SEASHELLS,9999.0,1
13578,737800,Charlie,Paris,RAINFOREST_RESIN,SEASHELLS,9999.0,1
13585,738100,Pablo,Paris,RAINFOREST_RESIN,SEASHELLS,10002.0,2
13586,738100,Pablo,Charlie,RAINFOREST_RESIN,SEASHELLS,10002.0,3
13588,738200,Pablo,Charlie,RAINFOREST_RESIN,SEASHELLS,10008.0,6
13590,738400,Penelope,Charlie,RAINFOREST_RESIN,SEASHELLS,10008.0,7
13591,738400,Paris,Charlie,RAINFOREST_RESIN,SEASHELLS,10001.0,1
13593,738500,Penelope,Camilla,RAINFOREST_RESIN,SEASHELLS,10003.0,5
13603,739100,Gina,Charlie,RAINFOREST_RESIN,SEASHELLS,10003.0,10
13620,740300,Charlie,Paris,RAINFOREST_RESIN,SEASHELLS,9992.0,2
13622,740500,Penelope,Charlie,RAINFOREST_RESIN,SEASHELLS,10008.0,7
13624,740600,Charlie,Paris,RAINFOREST_RESIN,SEASHELLS,9999.0,1
13642,741900,Charlie,Paris,RAINFOREST_RESIN,SEASHELLS,9992.0,1
13651,742200,Charlie,Penelope,RAINFOREST_RESIN,SEASHELLS,9992.0,8
13653,742300,Pablo,Charlie,RAINFOREST_RESIN,SEASHELLS,10008.0,4
13668,743200,Caesar,Paris,RAINFOREST_RESIN,SEASHELLS,9999.0,1
13669,743300,Charlie,Penelope,RAINFOREST_RESIN,SEASHELLS,9992.0,7
13673,743600,Paris,Paris,RAINFOREST_RESIN,SEASHELLS,10001.0,1
13677,743900,Paris,Paris,RAINFOREST_RESIN,SEASHELLS,10001.0,1
13679,744000,Paris,Charlie,RAINFOREST_RESIN,SEASHELLS,10008.0,1
13683,744300,Pablo,Charlie,RAINFOREST_RESIN,SEASHELLS,10008.0,4
13684,744300,Paris,Charlie,RAINFOREST_RESIN,SEASHELLS,10001.0,1
13687,744500,Paris,Charlie,RAINFOREST_RESIN,SEASHELLS,10001.0,1
13696,744900,Penelope,Charlie,RAINFOREST_RESIN,SEASHELLS,10008.0,8
13715,746200,Charlie,Penelope,RAINFOREST_RESIN,SEASHELLS,9992.0,4
13726,746900,Charlie,Gina,RAINFOREST_RESIN,SEASHELLS,9997.0,6
13728,747000,Paris,Caesar,RAINFOREST_RESIN,SEASHELLS,10001.0,1
13743,747400,Paris,Charlie,RAINFOREST_RESIN,SEASHELLS,10001.0,1
13744,747500,Paris,Charlie,RAINFOREST_RESIN,SEASHELLS,10008.0,2
13753,747900,Penelope,Camilla,RAINFOREST_RESIN,SEASHELLS,10003.0,2
13765,748800,Gary,Charlie,RAINFOREST_RESIN,SEASHELLS,10008.0,7
13767,749000,Charlie,Paris,RAINFOREST_RESIN,SEASHELLS,9999.0,1
13772,749300,Paris,Charlie,RAINFOREST_RESIN,SEASHELLS,10001.0,1
13808,751200,Paris,Charlie,RAINFOREST_RESIN,SEASHELLS,10008.0,1
13811,751600,Paris,Charlie,RAINFOREST_RESIN,SEASHELLS,10001.0,1
13813,751700,Gary,Charlie,RAINFOREST_RESIN,SEASHELLS,10008.0,7
13815,752000,Pablo,Charlie,RAINFOREST_RESIN,SEASHELLS,10008.0,5
13822,752400,Penelope,Camilla,RAINFOREST_RESIN,SEASHELLS,10003.0,4
13823,752400,Paris,Charlie,RAINFOREST_RESIN,SEASHELLS,10001.0,1
13838,752700,Charlie,Paris,RAINFOREST_RESIN,SEASHELLS,9992.0,1
13842,752800,Penelope,Charlie,RAINFOREST_RESIN,SEASHELLS,10008.0,6
13869,754900,Charlie,Paris,RAINFOREST_RESIN,SEASHELLS,9992.0,2
13890,755700,Paris,Charlie,RAINFOREST_RESIN,SEASHELLS,10008.0,2
13898,755900,Caesar,Pablo,RAINFOREST_RESIN,SEASHELLS,10000.0,5
13905,756600,Gary,Charlie,RAINFOREST_RESIN,SEASHELLS,10008.0,7
13907,756700,Charlie,Paris,RAINFOREST_RESIN,SEASHELLS,9992.0,1
13924,758300,Charlie,Paris,RAINFOREST_RESIN,SEASHELLS,9992.0,2
13931,759300,Charlie,Gina,RAINFOREST_RESIN,SEASHELLS,9997.0,10
13933,759600,Paris,Charlie,RAINFOREST_RESIN,SEASHELLS,10001.0,1
13935,759700,Charlie,Paris,RAINFOREST_RESIN,SEASHELLS,9999.0,1
13941,760100,Paris,Charlie,RAINFOREST_RESIN,SEASHELLS,10008.0,1
13958,761200,Charlie,Pablo,RAINFOREST_RESIN,SEASHELLS,9992.0,5
13961,761400,Charlie,Pablo,RAINFOREST_RESIN,SEASHELLS,9992.0,4
13967,761900,Charlie,Pablo,RAINFOREST_RESIN,SEASHELLS,9998.0,4
13989,762500,Pablo,Charlie,RAINFOREST_RESIN,SEASHELLS,10002.0,3
13991,763000,Caesar,Gary,RAINFOREST_RESIN,SEASHELLS,10000.0,3
13999,763800,Paris,Charlie,RAINFOREST_RESIN,SEASHELLS,10008.0,1
14003,764500,Pablo,Charlie,RAINFOREST_RESIN,SEASHELLS,10008.0,5
14019,764900,Penelope,Charlie,RAINFOREST_RESIN,SEASHELLS,10008.0,4
14027,766100,Paris,Charlie,RAINFOREST_RESIN,SEASHELLS,10001.0,1
14029,766300,Charlie,Pablo,RAINFOREST_RESIN,SEASHELLS,9992.0,5
14039,767200,Charlie,Pablo,RAINFOREST_RESIN,SEASHELLS,9992.0,6
14045,767400,Charlie,Paris,RAINFOREST_RESIN,SEASHELLS,9992.0,2
14046,767400,Charlie,Pablo,RAINFOREST_RESIN,SEASHELLS,9998.0,5
14064,768300,Paris,Caesar,RAINFOREST_RESIN,SEASHELLS,10001.0,1
14081,769200,Charlie,Paris,RAINFOREST_RESIN,SEASHELLS,9999.0,1
14086,769400,Charlie,Pablo,RAINFOREST_RESIN,SEASHELLS,9992.0,5
14093,769700,Charlie,Paris,RAINFOREST_RESIN,SEASHELLS,9992.0,1
14116,769900,Charlie,Paris,RAINFOREST_RESIN,SEASHELLS,9992.0,1
14119,770200,Paris,Charlie,RAINFOREST_RESIN,SEASHELLS,10001.0,1
14125,770400,Pablo,Paris,RAINFOREST_RESIN,SEASHELLS,9999.0,1
14128,770500,Charlie,Paris,RAINFOREST_RESIN,SEASHELLS,9999.0,1
14143,771200,Paris,Charlie,RAINFOREST_RESIN,SEASHELLS,10008.0,1
14147,771600,Charlie,Paris,RAINFOREST_RESIN,SEASHELLS,9999.0,1
14150,771800,Charlie,Pablo,RAINFOREST_RESIN,SEASHELLS,9998.0,4
14167,773200,Charlie,Gary,RAINFOREST_RESIN,SEASHELLS,9992.0,7
14168,773200,Charlie,Paris,RAINFOREST_RESIN,SEASHELLS,9992.0,2
14209,774400,Charlie,Penelope,RAINFOREST_RESIN,SEASHELLS,9992.0,5
14228,775700,Charlie,Pablo,RAINFOREST_RESIN,SEASHELLS,9998.0,4
14245,777200,Charlie,Paris,RAINFOREST_RESIN,SEASHELLS,9999.0,1
14262,777800,Penelope,Charlie,RAINFOREST_RESIN,SEASHELLS,10008.0,7
14265,778000,Penelope,Charlie,RAINFOREST_RESIN,SEASHELLS,10008.0,5
14268,778500,Charlie,Paris,RAINFOREST_RESIN,SEASHELLS,9992.0,1
14271,778700,Penelope,Charlie,RAINFOREST_RESIN,SEASHELLS,10008.0,4
14284,780200,Gary,Charlie,RAINFOREST_RESIN,SEASHELLS,10008.0,6
14285,780200,Paris,Charlie,RAINFOREST_RESIN,SEASHELLS,10001.0,1
14293,780500,Charlie,Penelope,RAINFOREST_RESIN,SEASHELLS,9992.0,6
14339,782600,Charlie,Paris,RAINFOREST_RESIN,SEASHELLS,9992.0,1
14342,783000,Pablo,Caesar,RAINFOREST_RESIN,SEASHELLS,10002.0,4
14345,783100,Paris,Charlie,RAINFOREST_RESIN,SEASHELLS,10008.0,1
14348,783400,Pablo,Charlie,RAINFOREST_RESIN,SEASHELLS,10008.0,5
14359,784500,Charlie,Paris,RAINFOREST_RESIN,SEASHELLS,9992.0,1
14360,784500,Charlie,Pablo,RAINFOREST_RESIN,SEASHELLS,9998.0,3
14374,784900,Charlie,Pablo,RAINFOREST_RESIN,SEASHELLS,9998.0,5
14376,785200,Gary,Charlie,RAINFOREST_RESIN,SEASHELLS,10008.0,9
14398,785900,Paris,Charlie,RAINFOREST_RESIN,SEASHELLS,10001.0,1
14419,787200,Gary,Charlie,RAINFOREST_RESIN,SEASHELLS,10008.0,8
14422,787600,Pablo,Caesar,RAINFOREST_RESIN,SEASHELLS,10002.0,5
14438,788000,Charlie,Penelope,RAINFOREST_RESIN,SEASHELLS,9992.0,7
14449,789200,Charlie,Paris,RAINFOREST_RESIN,SEASHELLS,9992.0,1
14459,789700,Paris,Charlie,RAINFOREST_RESIN,SEASHELLS,10001.0,1
14471,790000,Paris,Charlie,RAINFOREST_RESIN,SEASHELLS,10008.0,2
14521,792600,Charlie,Pablo,RAINFOREST_RESIN,SEASHELLS,9992.0,5
14526,792900,Charlie,Pablo,RAINFOREST_RESIN,SEASHELLS,9998.0,3
14536,793400,Charlie,Pablo,RAINFOREST_RESIN,SEASHELLS,9992.0,4
14566,794900,Paris,Caesar,RAINFOREST_RESIN,SEASHELLS,10001.0,1
14568,795200,Paris,Charlie,RAINFOREST_RESIN,SEASHELLS,10008.0,1
14571,795500,Pablo,Camilla,RAINFOREST_RESIN,SEASHELLS,10003.0,6
14573,795600,Penelope,Charlie,RAINFOREST_RESIN,SEASHELLS,10008.0,4
14592,796200,Charlie,Paris,RAINFOREST_RESIN,SEASHELLS,9992.0,1
14593,796300,Pablo,Charlie,RAINFOREST_RESIN,SEASHELLS,10008.0,6
14594,796300,Paris,Charlie,RAINFOREST_RESIN,SEASHELLS,10008.0,1
14614,797500,Charlie,Gary,RAINFOREST_RESIN,SEASHELLS,9992.0,9
14637,798400,Charlie,Paris,RAINFOREST_RESIN,SEASHELLS,9999.0,1
14649,798900,Caesar,Paris,RAINFOREST_RESIN,SEASHELLS,9999.0,1
14658,799300,Charlie,Penelope,RAINFOREST_RESIN,SEASHELLS,9992.0,5
14660,799400,Charlie,Penelope,RAINFOREST_RESIN,SEASHELLS,9992.0,7
14672,799600,Charlie,Penelope,RAINFOREST_RESIN,SEASHELLS,9992.0,8
14690,800700,Charlie,Paris,RAINFOREST_RESIN,SEASHELLS,9992.0,2
14691,801100,Charlie,Penelope,RAINFOREST_RESIN,SEASHELLS,9992.0,8
14696,802100,Charlie,Paris,RAINFOREST_RESIN,SEASHELLS,9992.0,1
14714,803500,Paris,Camilla,RAINFOREST_RESIN,SEASHELLS,10003.0,2
14723,804300,Paris,Caesar,RAINFOREST_RESIN,SEASHELLS,10001.0,1
14740,804700,Penelope,Charlie,RAINFOREST_RESIN,SEASHELLS,10008.0,6
14759,806400,Pablo,Charlie,RAINFOREST_RESIN,SEASHELLS,10002.0,3
14761,806500,Charlie,Paris,RAINFOREST_RESIN,SEASHELLS,9999.0,1
14785,807500,Charlie,Gary,RAINFOREST_RESIN,SEASHELLS,9992.0,9
14797,808200,Charlie,Paris,RAINFOREST_RESIN,SEASHELLS,9999.0,1
14799,808400,Charlie,Gary,RAINFOREST_RESIN,SEASHELLS,9992.0,9
14802,808600,Charlie,Penelope,RAINFOREST_RESIN,SEASHELLS,9992.0,5
14810,809500,Charlie,Paris,RAINFOREST_RESIN,SEASHELLS,9992.0,2
14821,809600,Camilla,Paris,RAINFOREST_RESIN,SEASHELLS,9997.0,1
14824,809700,Charlie,Pablo,RAINFOREST_RESIN,SEASHELLS,9998.0,3
14836,810500,Gary,Charlie,RAINFOREST_RESIN,SEASHELLS,10008.0,7
14837,810500,Pablo,Charlie,RAINFOREST_RESIN,SEASHELLS,10002.0,5
14839,810800,Paris,Charlie,RAINFOREST_RESIN,SEASHELLS,10008.0,2
14845,811000,Charlie,Pablo,RAINFOREST_RESIN,SEASHELLS,9998.0,5
14849,811400,Pablo,Paris,RAINFOREST_RESIN,SEASHELLS,9999.0,1
14854,812100,Charlie,Pablo,RAINFOREST_RESIN,SEASHELLS,9998.0,4
14861,812700,Gary,Charlie,RAINFOREST_RESIN,SEASHELLS,10008.0,6
14863,812800,Penelope,Charlie,RAINFOREST_RESIN,SEASHELLS,10008.0,5
14883,813600,Paris,Charlie,RAINFOREST_RESIN,SEASHELLS,10008.0,2
14887,814100,Charlie,Penelope,RAINFOREST_RESIN,SEASHELLS,9992.0,6
14894,814400,Paris,Charlie,RAINFOREST_RESIN,SEASHELLS,10008.0,2
14916,815200,Gary,Charlie,RAINFOREST_RESIN,SEASHELLS,10008.0,6
14923,815700,Charlie,Paris,RAINFOREST_RESIN,SEASHELLS,9992.0,1
14926,815800,Paris,Charlie,RAINFOREST_RESIN,SEASHELLS,10008.0,2
14929,815900,Charlie,Penelope,RAINFOREST_RESIN,SEASHELLS,9992.0,4
14938,816400,Camilla,Penelope,RAINFOREST_RESIN,SEASHELLS,9997.0,8
14944,816600,Gary,Charlie,RAINFOREST_RESIN,SEASHELLS,10008.0,7
14955,817000,Charlie,Paris,RAINFOREST_RESIN,SEASHELLS,9992.0,2
14959,817300,Charlie,Pablo,RAINFOREST_RESIN,SEASHELLS,9998.0,3
14970,818100,Charlie,Paris,RAINFOREST_RESIN,SEASHELLS,9999.0,1
14979,819000,Paris,Charlie,RAINFOREST_RESIN,SEASHELLS,10001.0,1
14984,819300,Camilla,Pablo,RAINFOREST_RESIN,SEASHELLS,9997.0,5
14990,819800,Penelope,Charlie,RAINFOREST_RESIN,SEASHELLS,10008.0,6
15004,820200,Paris,Charlie,RAINFOREST_RESIN,SEASHELLS,10001.0,1
15005,820300,Paris,Charlie,RAINFOREST_RESIN,SEASHELLS,10001.0,1
15016,820800,Pablo,Paris,RAINFOREST_RESIN,SEASHELLS,10002.0,1
15017,820800,Pablo,Gina,RAINFOREST_RESIN,SEASHELLS,10002.0,2
15026,821400,Paris,Paris,RAINFOREST_RESIN,SEASHELLS,9999.0,1
15054,822300,Charlie,Pablo,RAINFOREST_RESIN,SEASHELLS,9998.0,5
15061,822400,Paris,Charlie,RAINFOREST_RESIN,SEASHELLS,10008.0,1
15064,822500,Charlie,Gary,RAINFOREST_RESIN,SEASHELLS,9992.0,8
15082,822900,Charlie,Paris,RAINFOREST_RESIN,SEASHELLS,9992.0,1
15085,823400,Paris,Charlie,RAINFOREST_RESIN,SEASHELLS,10001.0,1
15117,825700,Charlie,Paris,RAINFOREST_RESIN,SEASHELLS,9992.0,1
15125,826000,Charlie,Paris,RAINFOREST_RESIN,SEASHELLS,9992.0,2
15140,826900,Charlie,Penelope,RAINFOREST_RESIN,SEASHELLS,9992.0,7
15146,827500,Charlie,Pablo,RAINFOREST_RESIN,SEASHELLS,9992.0,6
15151,828000,Gary,Charlie,RAINFOREST_RESIN,SEASHELLS,10008.0,10
15171,829300,Paris,Charlie,RAINFOREST_RESIN,SEASHELLS,10001.0,1
15172,829400,Paris,Charlie,RAINFOREST_RESIN,SEASHELLS,10008.0,2
15184,830100,Paris,Charlie,RAINFOREST_RESIN,SEASHELLS,10008.0,1
15186,830200,Penelope,Charlie,RAINFOREST_RESIN,SEASHELLS,10008.0,5
15193,830500,Gina,Paris,RAINFOREST_RESIN,SEASHELLS,10003.0,1
15199,830800,Paris,Charlie,RAINFOREST_RESIN,SEASHELLS,10001.0,1
15202,830900,Charlie,Pablo,RAINFOREST_RESIN,SEASHELLS,9998.0,4
15206,831200,Charlie,Gina,RAINFOREST_RESIN,SEASHELLS,9997.0,7
15218,832500,Paris,Camilla,RAINFOREST_RESIN,SEASHELLS,10003.0,2
15251,834200,Gary,Charlie,RAINFOREST_RESIN,SEASHELLS,10008.0,9
15264,834800,Penelope,Charlie,RAINFOREST_RESIN,SEASHELLS,10008.0,5
15270,835000,Paris,Charlie,RAINFOREST_RESIN,SEASHELLS,10008.0,1
15273,835100,Charlie,Paris,RAINFOREST_RESIN,SEASHELLS,9999.0,1
15298,835700,Paris,Caesar,RAINFOREST_RESIN,SEASHELLS,10001.0,1
15325,836500,Charlie,Paris,RAINFOREST_RESIN,SEASHELLS,9992.0,1
15332,837000,Pablo,Charlie,RAINFOREST_RESIN,SEASHELLS,10002.0,3
15333,837000,Paris,Charlie,RAINFOREST_RESIN,SEASHELLS,10001.0,1
15358,839200,Charlie,Paris,RAINFOREST_RESIN,SEASHELLS,9992.0,2
15363,839300,Gary,Charlie,RAINFOREST_RESIN,SEASHELLS,10008.0,6
15364,839300,Charlie,Paris,RAINFOREST_RESIN,SEASHELLS,9992.0,2
15386,840100,Charlie,Paris,RAINFOREST_RESIN,SEASHELLS,9999.0,1
15391,840800,Penelope,Camilla,RAINFOREST_RESIN,SEASHELLS,10003.0,3
15392,840800,Penelope,Charlie,RAINFOREST_RESIN,SEASHELLS,10003.0,5
15394,840900,Charlie,Paris,RAINFOREST_RESIN,SEASHELLS,9999.0,1
15395,841100,Paris,Charlie,RAINFOREST_RESIN,SEASHELLS,10008.0,2
15418,842800,Charlie,Pablo,RAINFOREST_RESIN,SEASHELLS,9992.0,5
15421,843000,Caesar,Pablo,RAINFOREST_RESIN,SEASHELLS,9998.0,5
15423,843100,Charlie,Penelope,RAINFOREST_RESIN,SEASHELLS,9992.0,8
15424,843200,Charlie,Paris,RAINFOREST_RESIN,SEASHELLS,9992.0,1
15433,843800,Paris,Charlie,RAINFOREST_RESIN,SEASHELLS,10008.0,2
15435,843900,Charlie,Paris,RAINFOREST_RESIN,SEASHELLS,9992.0,1
15442,844400,Paris,Paris,RAINFOREST_RESIN,SEASHELLS,9999.0,1
15444,844500,Paris,Charlie,RAINFOREST_RESIN,SEASHELLS,10008.0,2
15455,844600,Caesar,Pablo,RAINFOREST_RESIN,SEASHELLS,9998.0,2
15476,845400,Charlie,Paris,RAINFOREST_RESIN,SEASHELLS,9999.0,1
15495,846000,Paris,Charlie,RAINFOREST_RESIN,SEASHELLS,10008.0,1
15497,846300,Paris,Charlie,RAINFOREST_RESIN,SEASHELLS,10008.0,1
15501,846400,Paris,Charlie,RAINFOREST_RESIN,SEASHELLS,10001.0,1
15513,847600,Charlie,Paris,RAINFOREST_RESIN,SEASHELLS,9992.0,2
15522,848700,Caesar,Pablo,RAINFOREST_RESIN,SEASHELLS,9998.0,4
15537,850500,Charlie,Gary,RAINFOREST_RESIN,SEASHELLS,9992.0,7
