,timestamp,buyer,seller,symbol,currency,price,quantity
5,200,Paris,Charlie,SQUID_INK,SEASHELLS,1803.0,1
7,300,Charlie,Paris,SQUID_INK,SEASHELLS,1801.0,1
9,500,Paris,Charlie,SQUID_INK,SEASHELLS,1804.0,2
14,900,Charlie,Gary,SQUID_INK,SEASHELLS,1803.0,8
18,1200,Camilla,Paris,SQUID_INK,SEASHELLS,1804.0,1
24,1500,Charlie,Paris,SQUID_INK,SEASHELLS,1804.0,1
28,2000,Charlie,Camilla,SQUID_INK,SEASHELLS,1806.0,1
36,3200,Paris,Camilla,SQUID_INK,SEASHELLS,1807.0,2
37,3500,Charlie,Camilla,SQUID_INK,SEASHELLS,1807.0,1
49,3700,Charlie,Pablo,SQUID_INK,SEASHELLS,1807.0,5
59,4600,Paris,Charlie,SQUID_INK,SEASHELLS,1804.0,1
61,4700,Penelope,Charlie,SQUID_INK,SEASHELLS,1805.0,4
68,4900,Paris,Charlie,SQUID_INK,SEASHELLS,1806.0,2
79,5700,Gary,Charlie,SQUID_INK,SEASHELLS,1808.0,14
81,5800,Gary,Charlie,SQUID_INK,SEASHELLS,1808.0,14
84,5900,Gary,Charlie,SQUID_INK,SEASHELLS,1809.0,12
85,5900,Pablo,Paris,SQUID_INK,SEASHELLS,1807.0,1
89,6100,Gary,Pablo,SQUID_INK,SEASHELLS,1806.0,5
107,7400,Charlie,Paris,SQUID_INK,SEASHELLS,1807.0,1
115,7800,Paris,Charlie,SQUID_INK,SEASHELLS,1810.0,1
133,9400,Charlie,Paris,SQUID_INK,SEASHELLS,1809.0,1
140,9600,Paris,Paris,SQUID_INK,SEASHELLS,1809.0,1
146,9900,Paris,Caesar,SQUID_INK,SEASHELLS,1807.0,1
147,9900,Charlie,Caesar,SQUID_INK,SEASHELLS,1806.0,5
154,10500,Camilla,Paris,SQUID_INK,SEASHELLS,1803.0,2
156,10600,Paris,Camilla,SQUID_INK,SEASHELLS,1803.0,1
157,10600,Caesar,Camilla,SQUID_INK,SEASHELLS,1803.0,4
163,11700,Charlie,Caesar,SQUID_INK,SEASHELLS,1800.0,3
168,12100,Paris,Camilla,SQUID_INK,SEASHELLS,1804.0,1
170,12200,Camilla,Paris,SQUID_INK,SEASHELLS,1802.0,1
172,12300,Charlie,Pablo,SQUID_INK,SEASHELLS,1802.0,3
174,12400,Charlie,Paris,SQUID_INK,SEASHELLS,1801.0,1
182,12900,Penelope,Charlie,SQUID_INK,SEASHELLS,1804.0,6
191,13700,Pablo,Camilla,SQUID_INK,SEASHELLS,1807.0,3
195,13900,Charlie,Paris,SQUID_INK,SEASHELLS,1805.0,1
196,13900,Penelope,Camilla,SQUID_INK,SEASHELLS,1807.0,3
199,14000,Charlie,Penelope,SQUID_INK,SEASHELLS,1804.0,15
206,14500,Caesar,Pablo,SQUID_INK,SEASHELLS,1806.0,1
207,14500,Charlie,Pablo,SQUID_INK,SEASHELLS,1806.0,4
210,14700,Paris,Charlie,SQUID_INK,SEASHELLS,1807.0,1
224,15200,Camilla,Pablo,SQUID_INK,SEASHELLS,1803.0,2
225,15200,Charlie,Pablo,SQUID_INK,SEASHELLS,1803.0,1
228,15500,Camilla,Paris,SQUID_INK,SEASHELLS,1804.0,1
231,16100,Camilla,Paris,SQUID_INK,SEASHELLS,1805.0,1
236,16300,Paris,Camilla,SQUID_INK,SEASHELLS,1806.0,1
240,16400,Gary,Charlie,SQUID_INK,SEASHELLS,1806.0,9
246,16700,Paris,Caesar,SQUID_INK,SEASHELLS,1807.0,2
256,17900,Paris,Charlie,SQUID_INK,SEASHELLS,1804.0,1
263,18000,Paris,Paris,SQUID_INK,SEASHELLS,1805.0,1
267,18600,Charlie,Paris,SQUID_INK,SEASHELLS,1795.0,1
272,19000,Paris,Camilla,SQUID_INK,SEASHELLS,1799.0,1
275,19100,Charlie,Pablo,SQUID_INK,SEASHELLS,1796.0,2
277,19200,Paris,Camilla,SQUID_INK,SEASHELLS,1797.0,1
280,19300,Gary,Charlie,SQUID_INK,SEASHELLS,1799.0,10
282,19400,Charlie,Paris,SQUID_INK,SEASHELLS,1796.0,1
290,19500,Charlie,Paris,SQUID_INK,SEASHELLS,1792.0,2
295,19700,Charlie,Paris,SQUID_INK,SEASHELLS,1795.0,1
296,19700,Charlie,Penelope,SQUID_INK,SEASHELLS,1795.0,15
301,20000,Paris,Camilla,SQUID_INK,SEASHELLS,1796.0,1
303,20100,Paris,Charlie,SQUID_INK,SEASHELLS,1796.0,2
307,20300,Charlie,Paris,SQUID_INK,SEASHELLS,1793.0,1
321,21300,Paris,Charlie,SQUID_INK,SEASHELLS,1800.0,1
335,21700,Paris,Camilla,SQUID_INK,SEASHELLS,1798.0,1
340,21900,Charlie,Gary,SQUID_INK,SEASHELLS,1796.0,13
342,22000,Charlie,Pablo,SQUID_INK,SEASHELLS,1796.0,3
351,22600,Gina,Camilla,SQUID_INK,SEASHELLS,1794.0,2
354,22700,Charlie,Gary,SQUID_INK,SEASHELLS,1791.0,11
373,23700,Paris,Charlie,SQUID_INK,SEASHELLS,1795.0,1
389,24400,Charlie,Paris,SQUID_INK,SEASHELLS,1787.0,1
402,25800,Charlie,Penelope,SQUID_INK,SEASHELLS,1790.0,8
404,26100,Charlie,Paris,SQUID_INK,SEASHELLS,1791.0,1
414,26700,Charlie,Pablo,SQUID_INK,SEASHELLS,1793.0,4
417,26800,Paris,Charlie,SQUID_INK,SEASHELLS,1796.0,1
420,27100,Paris,Camilla,SQUID_INK,SEASHELLS,1790.0,1
429,27600,Penelope,Charlie,SQUID_INK,SEASHELLS,1787.0,10
440,28200,Paris,Charlie,SQUID_INK,SEASHELLS,1789.0,1
444,28600,Camilla,Gina,SQUID_INK,SEASHELLS,1783.0,1
445,28600,Charlie,Gina,SQUID_INK,SEASHELLS,1783.0,6
448,28800,Charlie,Paris,SQUID_INK,SEASHELLS,1784.0,2
455,29500,Penelope,Charlie,SQUID_INK,SEASHELLS,1787.0,4
463,29800,Camilla,Paris,SQUID_INK,SEASHELLS,1782.0,1
465,29900,Caesar,Pablo,SQUID_INK,SEASHELLS,1784.0,2
468,30000,Caesar,Camilla,SQUID_INK,SEASHELLS,1783.0,2
471,30100,Charlie,Pablo,SQUID_INK,SEASHELLS,1784.0,3
474,30300,Paris,Camilla,SQUID_INK,SEASHELLS,1781.0,1
493,31300,Paris,Charlie,SQUID_INK,SEASHELLS,1776.0,1
498,31700,Paris,Camilla,SQUID_INK,SEASHELLS,1776.0,1
510,32000,Charlie,Pablo,SQUID_INK,SEASHELLS,1777.0,4
512,32200,Charlie,Caesar,SQUID_INK,SEASHELLS,1780.0,4
525,32900,Charlie,Paris,SQUID_INK,SEASHELLS,1781.0,1
527,33100,Charlie,Paris,SQUID_INK,SEASHELLS,1782.0,1
530,33200,Charlie,Camilla,SQUID_INK,SEASHELLS,1784.0,1
536,33600,Paris,Charlie,SQUID_INK,SEASHELLS,1789.0,1
540,34500,Charlie,Camilla,SQUID_INK,SEASHELLS,1788.0,4
548,34800,Pablo,Penelope,SQUID_INK,SEASHELLS,1790.0,3
557,35200,Charlie,Paris,SQUID_INK,SEASHELLS,1791.0,1
587,36900,Caesar,Paris,SQUID_INK,SEASHELLS,1791.0,1
597,37700,Paris,Charlie,SQUID_INK,SEASHELLS,1790.0,1
600,37800,Charlie,Paris,SQUID_INK,SEASHELLS,1789.0,2
603,37900,Charlie,Pablo,SQUID_INK,SEASHELLS,1789.0,4
611,38300,Charlie,Gary,SQUID_INK,SEASHELLS,1786.0,8
613,38400,Charlie,Gary,SQUID_INK,SEASHELLS,1788.0,8
633,40400,Charlie,Gina,SQUID_INK,SEASHELLS,1787.0,8
638,41200,Charlie,Paris,SQUID_INK,SEASHELLS,1788.0,1
654,42300,Pablo,Charlie,SQUID_INK,SEASHELLS,1793.0,3
657,42800,Charlie,Paris,SQUID_INK,SEASHELLS,1791.0,1
664,43200,Paris,Pablo,SQUID_INK,SEASHELLS,1792.0,1
673,43700,Charlie,Caesar,SQUID_INK,SEASHELLS,1794.0,5
684,44800,Charlie,Camilla,SQUID_INK,SEASHELLS,1791.0,4
687,44900,Paris,Camilla,SQUID_INK,SEASHELLS,1791.0,1
690,45000,Caesar,Paris,SQUID_INK,SEASHELLS,1789.0,1
701,45600,Charlie,Paris,SQUID_INK,SEASHELLS,1786.0,1
715,46500,Paris,Camilla,SQUID_INK,SEASHELLS,1787.0,1
718,47000,Caesar,Camilla,SQUID_INK,SEASHELLS,1787.0,3
721,47100,Camilla,Paris,SQUID_INK,SEASHELLS,1785.0,1
724,47200,Charlie,Gina,SQUID_INK,SEASHELLS,1786.0,8
726,47400,Charlie,Paris,SQUID_INK,SEASHELLS,1786.0,1
728,47500,Paris,Charlie,SQUID_INK,SEASHELLS,1789.0,1
758,48400,Charlie,Paris,SQUID_INK,SEASHELLS,1782.0,1
764,49000,Charlie,Paris,SQUID_INK,SEASHELLS,1776.0,2
766,49100,Camilla,Paris,SQUID_INK,SEASHELLS,1778.0,1
773,49300,Caesar,Paris,SQUID_INK,SEASHELLS,1779.0,1
777,49400,Paris,Charlie,SQUID_INK,SEASHELLS,1782.0,1
799,50400,Charlie,Paris,SQUID_INK,SEASHELLS,1783.0,1
802,50500,Charlie,Paris,SQUID_INK,SEASHELLS,1783.0,1
805,50600,Paris,Charlie,SQUID_INK,SEASHELLS,1786.0,2
806,50600,Paris,Charlie,SQUID_INK,SEASHELLS,1785.0,1
816,50900,Charlie,Paris,SQUID_INK,SEASHELLS,1784.0,1
818,51100,Charlie,Penelope,SQUID_INK,SEASHELLS,1783.0,15
820,51200,Charlie,Paris,SQUID_INK,SEASHELLS,1782.0,2
823,51500,Gary,Caesar,SQUID_INK,SEASHELLS,1782.0,3
825,51600,Charlie,Paris,SQUID_INK,SEASHELLS,1781.0,1
828,52000,Pablo,Charlie,SQUID_INK,SEASHELLS,1784.0,3
853,53000,Paris,Paris,SQUID_INK,SEASHELLS,1787.0,1
862,53600,Paris,Charlie,SQUID_INK,SEASHELLS,1790.0,1
866,53900,Paris,Charlie,SQUID_INK,SEASHELLS,1791.0,1
868,54100,Charlie,Paris,SQUID_INK,SEASHELLS,1788.0,1
887,55900,Charlie,Paris,SQUID_INK,SEASHELLS,1790.0,1
889,56000,Paris,Charlie,SQUID_INK,SEASHELLS,1794.0,1
894,56100,Penelope,Paris,SQUID_INK,SEASHELLS,1791.0,1
899,56300,Charlie,Penelope,SQUID_INK,SEASHELLS,1789.0,8
916,56800,Charlie,Paris,SQUID_INK,SEASHELLS,1791.0,2
939,57500,Penelope,Camilla,SQUID_INK,SEASHELLS,1794.0,1
940,57500,Penelope,Charlie,SQUID_INK,SEASHELLS,1794.0,4
944,57600,Charlie,Paris,SQUID_INK,SEASHELLS,1792.0,1
945,57600,Paris,Charlie,SQUID_INK,SEASHELLS,1795.0,1
947,57800,Paris,Charlie,SQUID_INK,SEASHELLS,1795.0,1
950,57900,Gina,Paris,SQUID_INK,SEASHELLS,1793.0,1
957,58300,Charlie,Paris,SQUID_INK,SEASHELLS,1791.0,1
962,58400,Paris,Pablo,SQUID_INK,SEASHELLS,1791.0,1
963,58400,Paris,Pablo,SQUID_INK,SEASHELLS,1791.0,1
976,58900,Paris,Charlie,SQUID_INK,SEASHELLS,1790.0,2
981,59100,Charlie,Paris,SQUID_INK,SEASHELLS,1787.0,2
990,59700,Paris,Caesar,SQUID_INK,SEASHELLS,1786.0,1
995,59800,Charlie,Gina,SQUID_INK,SEASHELLS,1785.0,10
998,59900,Camilla,Paris,SQUID_INK,SEASHELLS,1785.0,1
1002,60000,Camilla,Paris,SQUID_INK,SEASHELLS,1786.0,1
1005,60100,Caesar,Paris,SQUID_INK,SEASHELLS,1784.0,1
1019,61200,Paris,Charlie,SQUID_INK,SEASHELLS,1782.0,1
1022,61400,Charlie,Paris,SQUID_INK,SEASHELLS,1780.0,1
1026,61600,Penelope,Charlie,SQUID_INK,SEASHELLS,1783.0,10
1030,62200,Camilla,Paris,SQUID_INK,SEASHELLS,1780.0,1
1033,62300,Caesar,Paris,SQUID_INK,SEASHELLS,1779.0,1
1035,62500,Charlie,Paris,SQUID_INK,SEASHELLS,1778.0,1
1038,62600,Paris,Charlie,SQUID_INK,SEASHELLS,1779.0,1
1041,62700,Paris,Camilla,SQUID_INK,SEASHELLS,1778.0,1
1042,62700,Penelope,Camilla,SQUID_INK,SEASHELLS,1778.0,7
1046,63200,Paris,Caesar,SQUID_INK,SEASHELLS,1778.0,1
1048,63400,Paris,Camilla,SQUID_INK,SEASHELLS,1775.0,1
1058,63800,Paris,Charlie,SQUID_INK,SEASHELLS,1776.0,1
1064,64200,Caesar,Paris,SQUID_INK,SEASHELLS,1776.0,1
1070,64600,Charlie,Paris,SQUID_INK,SEASHELLS,1776.0,1
1074,64800,Charlie,Caesar,SQUID_INK,SEASHELLS,1776.0,2
1076,65000,Paris,Camilla,SQUID_INK,SEASHELLS,1773.0,2
1079,65100,Camilla,Paris,SQUID_INK,SEASHELLS,1773.0,1
1091,65400,Charlie,Paris,SQUID_INK,SEASHELLS,1775.0,1
1095,65500,Gina,Camilla,SQUID_INK,SEASHELLS,1776.0,4
1096,65500,Gina,Gary,SQUID_INK,SEASHELLS,1776.0,4
1100,65700,Charlie,Paris,SQUID_INK,SEASHELLS,1774.0,1
1103,66000,Paris,Charlie,SQUID_INK,SEASHELLS,1778.0,2
1105,66300,Charlie,Paris,SQUID_INK,SEASHELLS,1771.0,1
1115,66500,Caesar,Paris,SQUID_INK,SEASHELLS,1773.0,1
1117,66700,Camilla,Paris,SQUID_INK,SEASHELLS,1775.0,1
1119,66900,Gina,Penelope,SQUID_INK,SEASHELLS,1780.0,8
1120,67000,Paris,Charlie,SQUID_INK,SEASHELLS,1782.0,1
1133,67300,Charlie,Paris,SQUID_INK,SEASHELLS,1779.0,1
1138,67600,Charlie,Paris,SQUID_INK,SEASHELLS,1780.0,2
1140,67700,Camilla,Paris,SQUID_INK,SEASHELLS,1782.0,1
1143,67800,Paris,Caesar,SQUID_INK,SEASHELLS,1783.0,1
1147,68000,Paris,Charlie,SQUID_INK,SEASHELLS,1782.0,2
1151,68100,Penelope,Caesar,SQUID_INK,SEASHELLS,1782.0,2
1156,68300,Charlie,Paris,SQUID_INK,SEASHELLS,1781.0,1
1161,69000,Paris,Charlie,SQUID_INK,SEASHELLS,1785.0,2
1180,70200,Charlie,Pablo,SQUID_INK,SEASHELLS,1781.0,3
1207,72200,Charlie,Paris,SQUID_INK,SEASHELLS,1785.0,1
1208,72200,Penelope,Charlie,SQUID_INK,SEASHELLS,1788.0,14
1211,72400,Penelope,Charlie,SQUID_INK,SEASHELLS,1787.0,6
1215,72500,Charlie,Paris,SQUID_INK,SEASHELLS,1786.0,2
1222,72800,Paris,Charlie,SQUID_INK,SEASHELLS,1788.0,2
1224,72900,Charlie,Paris,SQUID_INK,SEASHELLS,1786.0,1
1246,74100,Penelope,Charlie,SQUID_INK,SEASHELLS,1786.0,8
1249,74300,Paris,Charlie,SQUID_INK,SEASHELLS,1787.0,1
1254,74400,Charlie,Paris,SQUID_INK,SEASHELLS,1785.0,1
1273,75200,Charlie,Paris,SQUID_INK,SEASHELLS,1783.0,1
1276,75400,Charlie,Gary,SQUID_INK,SEASHELLS,1784.0,15
1281,75600,Charlie,Paris,SQUID_INK,SEASHELLS,1785.0,1
1286,76000,Pablo,Camilla,SQUID_INK,SEASHELLS,1785.0,2
1299,76400,Paris,Charlie,SQUID_INK,SEASHELLS,1786.0,1
1302,76500,Paris,Charlie,SQUID_INK,SEASHELLS,1784.0,1
1308,77100,Paris,Charlie,SQUID_INK,SEASHELLS,1787.0,1
1314,78100,Camilla,Paris,SQUID_INK,SEASHELLS,1786.0,1
1319,78300,Paris,Charlie,SQUID_INK,SEASHELLS,1788.0,1
1322,78400,Penelope,Charlie,SQUID_INK,SEASHELLS,1787.0,5
1332,79100,Charlie,Paris,SQUID_INK,SEASHELLS,1783.0,1
1336,79300,Charlie,Gina,SQUID_INK,SEASHELLS,1781.0,10
1343,79900,Camilla,Gina,SQUID_INK,SEASHELLS,1780.0,2
1344,79900,Charlie,Gina,SQUID_INK,SEASHELLS,1780.0,5
1351,80100,Paris,Camilla,SQUID_INK,SEASHELLS,1782.0,1
1361,80700,Charlie,Paris,SQUID_INK,SEASHELLS,1777.0,1
1368,80900,Gary,Charlie,SQUID_INK,SEASHELLS,1782.0,15
1369,80900,Paris,Charlie,SQUID_INK,SEASHELLS,1781.0,1
1371,81200,Charlie,Paris,SQUID_INK,SEASHELLS,1780.0,2
1375,81700,Paris,Caesar,SQUID_INK,SEASHELLS,1779.0,1
1376,81700,Camilla,Caesar,SQUID_INK,SEASHELLS,1778.0,4
1384,81800,Paris,Charlie,SQUID_INK,SEASHELLS,1781.0,2
1389,81900,Paris,Charlie,SQUID_INK,SEASHELLS,1780.0,2
1391,82000,Penelope,Charlie,SQUID_INK,SEASHELLS,1781.0,13
1393,82200,Penelope,Charlie,SQUID_INK,SEASHELLS,1779.0,4
1400,82500,Charlie,Gary,SQUID_INK,SEASHELLS,1776.0,15
1402,82700,Charlie,Paris,SQUID_INK,SEASHELLS,1775.0,1
1408,83000,Penelope,Charlie,SQUID_INK,SEASHELLS,1777.0,8
1413,83500,Charlie,Paris,SQUID_INK,SEASHELLS,1777.0,1
1422,84000,Paris,Charlie,SQUID_INK,SEASHELLS,1779.0,2
1428,84200,Paris,Camilla,SQUID_INK,SEASHELLS,1777.0,1
1432,84300,Paris,Charlie,SQUID_INK,SEASHELLS,1778.0,1
1434,84700,Camilla,Paris,SQUID_INK,SEASHELLS,1776.0,1
1460,85800,Camilla,Penelope,SQUID_INK,SEASHELLS,1776.0,2
1461,85800,Charlie,Penelope,SQUID_INK,SEASHELLS,1776.0,4
1467,86500,Camilla,Caesar,SQUID_INK,SEASHELLS,1783.0,3
1474,86800,Paris,Charlie,SQUID_INK,SEASHELLS,1785.0,1
1476,86900,Caesar,Pablo,SQUID_INK,SEASHELLS,1782.0,2
1479,87000,Charlie,Pablo,SQUID_INK,SEASHELLS,1781.0,4
1483,87100,Charlie,Pablo,SQUID_INK,SEASHELLS,1782.0,3
1494,87900,Caesar,Paris,SQUID_INK,SEASHELLS,1779.0,1
1503,88300,Paris,Charlie,SQUID_INK,SEASHELLS,1784.0,2
1505,88400,Charlie,Camilla,SQUID_INK,SEASHELLS,1783.0,2
1510,88600,Paris,Charlie,SQUID_INK,SEASHELLS,1784.0,1
1516,88900,Charlie,Gary,SQUID_INK,SEASHELLS,1783.0,14
1527,89800,Pablo,Paris,SQUID_INK,SEASHELLS,1787.0,2
1562,90800,Charlie,Paris,SQUID_INK,SEASHELLS,1788.0,1
1563,90800,Paris,Charlie,SQUID_INK,SEASHELLS,1791.0,1
1570,91200,Charlie,Pablo,SQUID_INK,SEASHELLS,1789.0,3
1571,91200,Charlie,Paris,SQUID_INK,SEASHELLS,1789.0,2
1576,91300,Paris,Charlie,SQUID_INK,SEASHELLS,1791.0,1
1578,91500,Charlie,Penelope,SQUID_INK,SEASHELLS,1790.0,13
1603,92500,Charlie,Gary,SQUID_INK,SEASHELLS,1792.0,15
1604,92600,Charlie,Caesar,SQUID_INK,SEASHELLS,1793.0,2
1613,93000,Caesar,Paris,SQUID_INK,SEASHELLS,1794.0,1
1615,93300,Penelope,Camilla,SQUID_INK,SEASHELLS,1796.0,5
1620,93600,Charlie,Pablo,SQUID_INK,SEASHELLS,1794.0,3
1636,94200,Paris,Charlie,SQUID_INK,SEASHELLS,1796.0,1
1638,94300,Penelope,Camilla,SQUID_INK,SEASHELLS,1795.0,1
1640,94500,Paris,Charlie,SQUID_INK,SEASHELLS,1797.0,2
1643,94600,Paris,Paris,SQUID_INK,SEASHELLS,1796.0,1
1645,94800,Charlie,Paris,SQUID_INK,SEASHELLS,1795.0,1
1648,95400,Paris,Charlie,SQUID_INK,SEASHELLS,1798.0,1
1668,97300,Camilla,Paris,SQUID_INK,SEASHELLS,1788.0,1
1672,97400,Charlie,Paris,SQUID_INK,SEASHELLS,1789.0,1
1673,97400,Charlie,Penelope,SQUID_INK,SEASHELLS,1789.0,5
1699,99000,Charlie,Paris,SQUID_INK,SEASHELLS,1787.0,1
1704,99300,Caesar,Camilla,SQUID_INK,SEASHELLS,1788.0,2
1705,99300,Paris,Camilla,SQUID_INK,SEASHELLS,1788.0,1
1708,99500,Gary,Caesar,SQUID_INK,SEASHELLS,1788.0,2
1714,100600,Paris,Charlie,SQUID_INK,SEASHELLS,1787.0,1
1721,100900,Paris,Camilla,SQUID_INK,SEASHELLS,1786.0,1
1722,100900,Charlie,Penelope,SQUID_INK,SEASHELLS,1784.0,5
1733,101700,Charlie,Paris,SQUID_INK,SEASHELLS,1782.0,1
1735,101800,Charlie,Paris,SQUID_INK,SEASHELLS,1783.0,2
1737,101900,Charlie,Paris,SQUID_INK,SEASHELLS,1782.0,1
1744,102100,Charlie,Pablo,SQUID_INK,SEASHELLS,1781.0,5
1755,102400,Charlie,Paris,SQUID_INK,SEASHELLS,1778.0,1
1756,102400,Charlie,Caesar,SQUID_INK,SEASHELLS,1779.0,2
1759,102600,Penelope,Charlie,SQUID_INK,SEASHELLS,1781.0,15
1769,103100,Charlie,Pablo,SQUID_INK,SEASHELLS,1784.0,5
1771,103200,Paris,Caesar,SQUID_INK,SEASHELLS,1786.0,1
1778,103800,Paris,Gary,SQUID_INK,SEASHELLS,1788.0,1
1797,104400,Charlie,Pablo,SQUID_INK,SEASHELLS,1788.0,4
1800,104500,Charlie,Paris,SQUID_INK,SEASHELLS,1787.0,1
1802,104600,Charlie,Paris,SQUID_INK,SEASHELLS,1787.0,1
1805,104700,Charlie,Paris,SQUID_INK,SEASHELLS,1788.0,1
1808,105200,Charlie,Paris,SQUID_INK,SEASHELLS,1789.0,1
1811,105300,Caesar,Paris,SQUID_INK,SEASHELLS,1789.0,1
1812,105300,Caesar,Gary,SQUID_INK,SEASHELLS,1790.0,1
1815,105500,Paris,Charlie,SQUID_INK,SEASHELLS,1791.0,1
1820,105700,Pablo,Camilla,SQUID_INK,SEASHELLS,1791.0,2
1830,106500,Gary,Charlie,SQUID_INK,SEASHELLS,1793.0,8
1834,106800,Camilla,Paris,SQUID_INK,SEASHELLS,1792.0,1
1835,106800,Penelope,Charlie,SQUID_INK,SEASHELLS,1795.0,11
1838,106900,Camilla,Gary,SQUID_INK,SEASHELLS,1791.0,1
1839,106900,Charlie,Gary,SQUID_INK,SEASHELLS,1791.0,8
1851,107600,Charlie,Paris,SQUID_INK,SEASHELLS,1796.0,1
1853,107800,Paris,Paris,SQUID_INK,SEASHELLS,1796.0,1
1856,107900,Paris,Camilla,SQUID_INK,SEASHELLS,1796.0,1
1868,108600,Pablo,Paris,SQUID_INK,SEASHELLS,1798.0,1
1873,109000,Camilla,Paris,SQUID_INK,SEASHELLS,1800.0,1
1879,109300,Penelope,Caesar,SQUID_INK,SEASHELLS,1799.0,1
1884,109400,Gina,Camilla,SQUID_INK,SEASHELLS,1797.0,6
1885,109400,Gina,Charlie,SQUID_INK,SEASHELLS,1797.0,2
1904,111000,Penelope,Charlie,SQUID_INK,SEASHELLS,1795.0,15
1909,111200,Camilla,Paris,SQUID_INK,SEASHELLS,1789.0,1
1910,111200,Camilla,Caesar,SQUID_INK,SEASHELLS,1789.0,2
1912,111400,Charlie,Paris,SQUID_INK,SEASHELLS,1790.0,1
1934,112300,Charlie,Paris,SQUID_INK,SEASHELLS,1785.0,1
1937,112600,Charlie,Paris,SQUID_INK,SEASHELLS,1783.0,1
1940,112900,Charlie,Paris,SQUID_INK,SEASHELLS,1785.0,1
1960,114100,Charlie,Penelope,SQUID_INK,SEASHELLS,1777.0,5
1961,114100,Paris,Charlie,SQUID_INK,SEASHELLS,1780.0,1
1964,114200,Charlie,Penelope,SQUID_INK,SEASHELLS,1774.0,14
1966,114300,Paris,Paris,SQUID_INK,SEASHELLS,1774.0,1
1987,115000,Paris,Camilla,SQUID_INK,SEASHELLS,1778.0,1
1988,115000,Charlie,Gary,SQUID_INK,SEASHELLS,1776.0,10
1991,115200,Olivia,Charlie,SQUID_INK,SEASHELLS,1772.0,15
1995,115400,Camilla,Penelope,SQUID_INK,SEASHELLS,1772.0,5
1996,115400,Charlie,Penelope,SQUID_INK,SEASHELLS,1772.0,5
1999,115500,Paris,Charlie,SQUID_INK,SEASHELLS,1773.0,1
2006,116100,Charlie,Paris,SQUID_INK,SEASHELLS,1772.0,1
2021,116600,Charlie,Paris,SQUID_INK,SEASHELLS,1778.0,1
2026,117100,Paris,Camilla,SQUID_INK,SEASHELLS,1780.0,1
2028,117300,Charlie,Paris,SQUID_INK,SEASHELLS,1777.0,1
2035,117500,Charlie,Paris,SQUID_INK,SEASHELLS,1777.0,1
2038,117700,Charlie,Penelope,SQUID_INK,SEASHELLS,1776.0,9
2040,117800,Paris,Camilla,SQUID_INK,SEASHELLS,1778.0,1
2043,118100,Camilla,Caesar,SQUID_INK,SEASHELLS,1776.0,4
2044,118100,Camilla,Paris,SQUID_INK,SEASHELLS,1776.0,2
2049,118800,Charlie,Paris,SQUID_INK,SEASHELLS,1781.0,1
2053,119100,Paris,Charlie,SQUID_INK,SEASHELLS,1787.0,2
2065,120300,Charlie,Paris,SQUID_INK,SEASHELLS,1784.0,1
2072,120900,Paris,Camilla,SQUID_INK,SEASHELLS,1790.0,1
2083,121400,Charlie,Paris,SQUID_INK,SEASHELLS,1790.0,1
2094,122200,Charlie,Paris,SQUID_INK,SEASHELLS,1785.0,1
2097,122500,Charlie,Paris,SQUID_INK,SEASHELLS,1785.0,1
2100,122900,Charlie,Paris,SQUID_INK,SEASHELLS,1783.0,1
2102,123000,Gary,Charlie,SQUID_INK,SEASHELLS,1787.0,9
2103,123000,Paris,Charlie,SQUID_INK,SEASHELLS,1786.0,1
2108,123200,Paris,Charlie,SQUID_INK,SEASHELLS,1786.0,1
2113,123400,Penelope,Charlie,SQUID_INK,SEASHELLS,1788.0,11
2118,123800,Penelope,Charlie,SQUID_INK,SEASHELLS,1785.0,6
2119,123800,Paris,Charlie,SQUID_INK,SEASHELLS,1785.0,2
2123,124400,Paris,Charlie,SQUID_INK,SEASHELLS,1782.0,1
2128,125100,Caesar,Paris,SQUID_INK,SEASHELLS,1781.0,1
2129,125100,Caesar,Paris,SQUID_INK,SEASHELLS,1781.0,1
2134,125300,Camilla,Gina,SQUID_INK,SEASHELLS,1782.0,8
2135,125300,Charlie,Gina,SQUID_INK,SEASHELLS,1782.0,1
2140,125800,Charlie,Gary,SQUID_INK,SEASHELLS,1781.0,14
2147,126400,Charlie,Paris,SQUID_INK,SEASHELLS,1783.0,1
2153,126700,Charlie,Paris,SQUID_INK,SEASHELLS,1783.0,1
2154,126700,Charlie,Paris,SQUID_INK,SEASHELLS,1784.0,1
2157,127000,Camilla,Caesar,SQUID_INK,SEASHELLS,1781.0,2
2158,127000,Paris,Caesar,SQUID_INK,SEASHELLS,1781.0,1
2169,127400,Charlie,Penelope,SQUID_INK,SEASHELLS,1781.0,10
2173,127700,Camilla,Paris,SQUID_INK,SEASHELLS,1780.0,1
2175,127800,Charlie,Pablo,SQUID_INK,SEASHELLS,1779.0,2
2177,127900,Caesar,Paris,SQUID_INK,SEASHELLS,1780.0,1
2182,128000,Camilla,Penelope,SQUID_INK,SEASHELLS,1780.0,4
2183,128000,Charlie,Penelope,SQUID_INK,SEASHELLS,1780.0,7
2184,128000,Camilla,Paris,SQUID_INK,SEASHELLS,1780.0,0
2185,128000,Charlie,Paris,SQUID_INK,SEASHELLS,1780.0,2
2188,128100,Paris,Pablo,SQUID_INK,SEASHELLS,1778.0,1
2193,128500,Gary,Charlie,SQUID_INK,SEASHELLS,1777.0,10
2201,129100,Charlie,Paris,SQUID_INK,SEASHELLS,1772.0,1
2209,129200,Charlie,Paris,SQUID_INK,SEASHELLS,1773.0,1
2211,129300,Camilla,Paris,SQUID_INK,SEASHELLS,1773.0,1
2215,129600,Paris,Caesar,SQUID_INK,SEASHELLS,1771.0,1
2216,129600,Charlie,Caesar,SQUID_INK,SEASHELLS,1771.0,2
2218,129700,Charlie,Pablo,SQUID_INK,SEASHELLS,1773.0,4
2221,130000,Charlie,Paris,SQUID_INK,SEASHELLS,1775.0,2
2249,131600,Pablo,Charlie,SQUID_INK,SEASHELLS,1776.0,2
2253,131900,Paris,Gary,SQUID_INK,SEASHELLS,1775.0,1
2266,132100,Camilla,Paris,SQUID_INK,SEASHELLS,1775.0,1
2271,132600,Paris,Charlie,SQUID_INK,SEASHELLS,1778.0,2
2276,132900,Caesar,Paris,SQUID_INK,SEASHELLS,1777.0,1
2313,134800,Paris,Camilla,SQUID_INK,SEASHELLS,1778.0,1
2318,135000,Paris,Charlie,SQUID_INK,SEASHELLS,1778.0,1
2334,136500,Charlie,Paris,SQUID_INK,SEASHELLS,1778.0,1
2337,136600,Charlie,Caesar,SQUID_INK,SEASHELLS,1776.0,2
2346,136800,Charlie,Paris,SQUID_INK,SEASHELLS,1776.0,1
2357,137300,Penelope,Gina,SQUID_INK,SEASHELLS,1776.0,10
2361,137600,Paris,Camilla,SQUID_INK,SEASHELLS,1778.0,1
2363,137700,Charlie,Gary,SQUID_INK,SEASHELLS,1777.0,12
2375,138700,Charlie,Penelope,SQUID_INK,SEASHELLS,1777.0,5
2377,138800,Paris,Charlie,SQUID_INK,SEASHELLS,1780.0,1
2395,140100,Camilla,Paris,SQUID_INK,SEASHELLS,1775.0,1
2405,140400,Camilla,Paris,SQUID_INK,SEASHELLS,1774.0,1
2406,140400,Paris,Caesar,SQUID_INK,SEASHELLS,1776.0,2
2408,140500,Paris,Charlie,SQUID_INK,SEASHELLS,1777.0,1
2417,141100,Charlie,Paris,SQUID_INK,SEASHELLS,1776.0,1
2422,141300,Pablo,Camilla,SQUID_INK,SEASHELLS,1777.0,1
2424,141500,Charlie,Gina,SQUID_INK,SEASHELLS,1773.0,9
2429,141900,Camilla,Paris,SQUID_INK,SEASHELLS,1774.0,1
2430,141900,Paris,Charlie,SQUID_INK,SEASHELLS,1777.0,1
2432,142100,Caesar,Paris,SQUID_INK,SEASHELLS,1774.0,1
2437,142300,Charlie,Paris,SQUID_INK,SEASHELLS,1773.0,1
2472,144200,Camilla,Paris,SQUID_INK,SEASHELLS,1773.0,2
2480,144600,Paris,Charlie,SQUID_INK,SEASHELLS,1775.0,1
2488,145100,Camilla,Paris,SQUID_INK,SEASHELLS,1774.0,1
2495,145600,Charlie,Paris,SQUID_INK,SEASHELLS,1772.0,1
2496,145600,Gary,Camilla,SQUID_INK,SEASHELLS,1774.0,8
2509,145900,Paris,Charlie,SQUID_INK,SEASHELLS,1777.0,1
2534,147000,Penelope,Charlie,SQUID_INK,SEASHELLS,1780.0,9
2540,147600,Charlie,Paris,SQUID_INK,SEASHELLS,1778.0,1
2542,147700,Camilla,Paris,SQUID_INK,SEASHELLS,1778.0,1
2545,147800,Penelope,Charlie,SQUID_INK,SEASHELLS,1781.0,9
2560,149400,Charlie,Paris,SQUID_INK,SEASHELLS,1781.0,1
2567,150100,Charlie,Paris,SQUID_INK,SEASHELLS,1783.0,1
2571,150300,Penelope,Charlie,SQUID_INK,SEASHELLS,1784.0,13
2573,150600,Paris,Charlie,SQUID_INK,SEASHELLS,1787.0,1
2592,152100,Camilla,Paris,SQUID_INK,SEASHELLS,1784.0,1
2594,152200,Paris,Charlie,SQUID_INK,SEASHELLS,1787.0,1
2626,154200,Paris,Gina,SQUID_INK,SEASHELLS,1801.0,1
2627,154200,Charlie,Gina,SQUID_INK,SEASHELLS,1799.0,6
2629,154300,Charlie,Paris,SQUID_INK,SEASHELLS,1798.0,1
2645,155200,Camilla,Paris,SQUID_INK,SEASHELLS,1804.0,1
2646,155200,Charlie,Paris,SQUID_INK,SEASHELLS,1804.0,1
2658,155500,Charlie,Paris,SQUID_INK,SEASHELLS,1801.0,1
2660,156000,Caesar,Paris,SQUID_INK,SEASHELLS,1799.0,1
2668,156100,Paris,Charlie,SQUID_INK,SEASHELLS,1799.0,2
2677,156300,Gary,Charlie,SQUID_INK,SEASHELLS,1801.0,14
2678,156300,Paris,Charlie,SQUID_INK,SEASHELLS,1801.0,2
2689,156600,Paris,Charlie,SQUID_INK,SEASHELLS,1802.0,1
2700,157300,Camilla,Paris,SQUID_INK,SEASHELLS,1803.0,1
2704,157600,Charlie,Paris,SQUID_INK,SEASHELLS,1804.0,1
2709,158100,Charlie,Paris,SQUID_INK,SEASHELLS,1803.0,1
2712,158200,Charlie,Paris,SQUID_INK,SEASHELLS,1804.0,1
2715,158300,Camilla,Paris,SQUID_INK,SEASHELLS,1804.0,2
2731,159700,Charlie,Paris,SQUID_INK,SEASHELLS,1801.0,1
2733,159800,Charlie,Paris,SQUID_INK,SEASHELLS,1801.0,2
2740,160000,Penelope,Charlie,SQUID_INK,SEASHELLS,1805.0,7
2744,160200,Charlie,Paris,SQUID_INK,SEASHELLS,1803.0,1
2748,160900,Paris,Camilla,SQUID_INK,SEASHELLS,1806.0,1
2752,161100,Charlie,Paris,SQUID_INK,SEASHELLS,1806.0,1
2755,161200,Caesar,Paris,SQUID_INK,SEASHELLS,1806.0,1
2758,161500,Paris,Camilla,SQUID_INK,SEASHELLS,1807.0,1
2774,162100,Penelope,Charlie,SQUID_INK,SEASHELLS,1807.0,6
2775,162100,Paris,Charlie,SQUID_INK,SEASHELLS,1806.0,1
2777,162300,Charlie,Paris,SQUID_INK,SEASHELLS,1804.0,1
2790,162600,Paris,Charlie,SQUID_INK,SEASHELLS,1808.0,2
2800,163000,Camilla,Pablo,SQUID_INK,SEASHELLS,1805.0,3
2801,163000,Paris,Charlie,SQUID_INK,SEASHELLS,1807.0,1
2813,163800,Charlie,Paris,SQUID_INK,SEASHELLS,1807.0,1
2814,163800,Paris,Camilla,SQUID_INK,SEASHELLS,1809.0,1
2818,163900,Paris,Charlie,SQUID_INK,SEASHELLS,1810.0,2
2819,163900,Pablo,Charlie,SQUID_INK,SEASHELLS,1809.0,5
2827,164800,Paris,Charlie,SQUID_INK,SEASHELLS,1810.0,1
2830,165000,Charlie,Paris,SQUID_INK,SEASHELLS,1810.0,1
2833,165200,Charlie,Gina,SQUID_INK,SEASHELLS,1809.0,7
2835,165300,Penelope,Camilla,SQUID_INK,SEASHELLS,1811.0,1
2842,165800,Camilla,Paris,SQUID_INK,SEASHELLS,1810.0,1
2852,166500,Charlie,Penelope,SQUID_INK,SEASHELLS,1810.0,9
2856,166600,Charlie,Paris,SQUID_INK,SEASHELLS,1810.0,1
2862,167100,Charlie,Paris,SQUID_INK,SEASHELLS,1810.0,1
2868,167500,Paris,Camilla,SQUID_INK,SEASHELLS,1812.0,2
2872,167700,Camilla,Paris,SQUID_INK,SEASHELLS,1809.0,1
2887,168500,Charlie,Paris,SQUID_INK,SEASHELLS,1808.0,1
2892,168900,Caesar,Paris,SQUID_INK,SEASHELLS,1805.0,2
2905,169400,Paris,Charlie,SQUID_INK,SEASHELLS,1805.0,1
2907,169700,Penelope,Charlie,SQUID_INK,SEASHELLS,1805.0,13
2909,169800,Paris,Charlie,SQUID_INK,SEASHELLS,1805.0,2
2913,170100,Paris,Charlie,SQUID_INK,SEASHELLS,1804.0,2
2915,170300,Charlie,Pablo,SQUID_INK,SEASHELLS,1800.0,5
2916,170300,Charlie,Caesar,SQUID_INK,SEASHELLS,1800.0,3
2919,170400,Camilla,Paris,SQUID_INK,SEASHELLS,1799.0,1
2923,170700,Caesar,Paris,SQUID_INK,SEASHELLS,1799.0,1
2935,172000,Charlie,Penelope,SQUID_INK,SEASHELLS,1804.0,8
2945,172300,Caesar,Penelope,SQUID_INK,SEASHELLS,1804.0,2
2946,172300,Charlie,Penelope,SQUID_INK,SEASHELLS,1804.0,11
2948,172400,Charlie,Paris,SQUID_INK,SEASHELLS,1803.0,1
2950,172500,Charlie,Paris,SQUID_INK,SEASHELLS,1801.0,1
2960,172900,Charlie,Paris,SQUID_INK,SEASHELLS,1800.0,1
2973,173100,Charlie,Paris,SQUID_INK,SEASHELLS,1801.0,1
2978,173300,Charlie,Paris,SQUID_INK,SEASHELLS,1803.0,1
2985,173400,Paris,Charlie,SQUID_INK,SEASHELLS,1804.0,1
2996,173900,Gina,Paris,SQUID_INK,SEASHELLS,1803.0,1
3000,174600,Paris,Camilla,SQUID_INK,SEASHELLS,1806.0,1
3002,174700,Caesar,Paris,SQUID_INK,SEASHELLS,1804.0,1
3005,174800,Charlie,Paris,SQUID_INK,SEASHELLS,1804.0,1
3011,175200,Charlie,Caesar,SQUID_INK,SEASHELLS,1806.0,2
3016,175300,Caesar,Paris,SQUID_INK,SEASHELLS,1804.0,1
3019,175500,Charlie,Gary,SQUID_INK,SEASHELLS,1803.0,9
3021,175800,Charlie,Paris,SQUID_INK,SEASHELLS,1802.0,1
3024,176200,Paris,Charlie,SQUID_INK,SEASHELLS,1804.0,1
3040,177000,Gary,Charlie,SQUID_INK,SEASHELLS,1803.0,11
3051,178100,Charlie,Paris,SQUID_INK,SEASHELLS,1801.0,1
3065,178700,Camilla,Paris,SQUID_INK,SEASHELLS,1802.0,1
3067,178800,Paris,Charlie,SQUID_INK,SEASHELLS,1805.0,2
3069,179100,Penelope,Charlie,SQUID_INK,SEASHELLS,1804.0,10
3074,179300,Charlie,Penelope,SQUID_INK,SEASHELLS,1801.0,8
3086,179400,Pablo,Charlie,SQUID_INK,SEASHELLS,1803.0,3
3089,179700,Charlie,Paris,SQUID_INK,SEASHELLS,1802.0,1
3092,179800,Paris,Charlie,SQUID_INK,SEASHELLS,1806.0,2
3105,180300,Paris,Charlie,SQUID_INK,SEASHELLS,1805.0,1
3107,180500,Penelope,Charlie,SQUID_INK,SEASHELLS,1806.0,7
3109,180600,Paris,Charlie,SQUID_INK,SEASHELLS,1805.0,1
3119,180900,Charlie,Paris,SQUID_INK,SEASHELLS,1801.0,1
3131,181700,Paris,Caesar,SQUID_INK,SEASHELLS,1805.0,1
3141,182300,Charlie,Pablo,SQUID_INK,SEASHELLS,1804.0,4
3148,182800,Charlie,Pablo,SQUID_INK,SEASHELLS,1805.0,5
3152,183000,Charlie,Gary,SQUID_INK,SEASHELLS,1805.0,11
3155,183200,Charlie,Paris,SQUID_INK,SEASHELLS,1806.0,1
3158,183300,Charlie,Paris,SQUID_INK,SEASHELLS,1806.0,1
3160,183400,Camilla,Paris,SQUID_INK,SEASHELLS,1806.0,1
3170,183800,Charlie,Paris,SQUID_INK,SEASHELLS,1806.0,1
3174,183900,Paris,Gina,SQUID_INK,SEASHELLS,1809.0,1
3175,183900,Charlie,Gina,SQUID_INK,SEASHELLS,1808.0,7
3176,183900,Charlie,Paris,SQUID_INK,SEASHELLS,1808.0,2
3180,184000,Paris,Camilla,SQUID_INK,SEASHELLS,1810.0,1
3207,185900,Paris,Charlie,SQUID_INK,SEASHELLS,1814.0,2
3210,186100,Paris,Camilla,SQUID_INK,SEASHELLS,1812.0,1
3213,186200,Charlie,Paris,SQUID_INK,SEASHELLS,1811.0,1
3224,186700,Paris,Penelope,SQUID_INK,SEASHELLS,1812.0,1
3229,187200,Pablo,Charlie,SQUID_INK,SEASHELLS,1813.0,2
3232,187500,Camilla,Caesar,SQUID_INK,SEASHELLS,1812.0,1
3233,187500,Charlie,Caesar,SQUID_INK,SEASHELLS,1812.0,1
3241,187900,Camilla,Paris,SQUID_INK,SEASHELLS,1813.0,2
3246,188200,Paris,Pablo,SQUID_INK,SEASHELLS,1815.0,1
3247,188200,Charlie,Pablo,SQUID_INK,SEASHELLS,1815.0,4
3261,188600,Charlie,Paris,SQUID_INK,SEASHELLS,1809.0,1
3268,189100,Charlie,Paris,SQUID_INK,SEASHELLS,1808.0,2
3284,189600,Camilla,Pablo,SQUID_INK,SEASHELLS,1809.0,3
3286,189700,Paris,Charlie,SQUID_INK,SEASHELLS,1810.0,1
3289,189800,Paris,Charlie,SQUID_INK,SEASHELLS,1810.0,1
3291,189900,Paris,Camilla,SQUID_INK,SEASHELLS,1809.0,1
3293,190000,Penelope,Charlie,SQUID_INK,SEASHELLS,1811.0,15
3295,190200,Charlie,Paris,SQUID_INK,SEASHELLS,1809.0,1
3297,190300,Charlie,Paris,SQUID_INK,SEASHELLS,1809.0,1
3301,190600,Penelope,Charlie,SQUID_INK,SEASHELLS,1814.0,4
3304,190900,Paris,Camilla,SQUID_INK,SEASHELLS,1815.0,1
3306,191000,Charlie,Gina,SQUID_INK,SEASHELLS,1813.0,9
3336,192100,Charlie,Paris,SQUID_INK,SEASHELLS,1813.0,1
3338,192200,Gary,Charlie,SQUID_INK,SEASHELLS,1816.0,11
3339,192200,Paris,Charlie,SQUID_INK,SEASHELLS,1815.0,1
3343,192400,Penelope,Charlie,SQUID_INK,SEASHELLS,1817.0,15
3358,192900,Pablo,Gary,SQUID_INK,SEASHELLS,1818.0,3
3365,193000,Charlie,Pablo,SQUID_INK,SEASHELLS,1817.0,4
3377,193200,Paris,Camilla,SQUID_INK,SEASHELLS,1819.0,1
3383,194000,Paris,Charlie,SQUID_INK,SEASHELLS,1820.0,1
3386,194100,Charlie,Paris,SQUID_INK,SEASHELLS,1817.0,1
3388,194200,Paris,Charlie,SQUID_INK,SEASHELLS,1819.0,1
3397,194700,Paris,Charlie,SQUID_INK,SEASHELLS,1823.0,2
3401,194900,Charlie,Caesar,SQUID_INK,SEASHELLS,1820.0,3
3408,195700,Camilla,Paris,SQUID_INK,SEASHELLS,1820.0,1
3410,195800,Charlie,Paris,SQUID_INK,SEASHELLS,1820.0,1
3429,196400,Camilla,Pablo,SQUID_INK,SEASHELLS,1822.0,2
3430,196400,Charlie,Pablo,SQUID_INK,SEASHELLS,1822.0,3
3431,196400,Charlie,Paris,SQUID_INK,SEASHELLS,1822.0,1
3432,196400,Penelope,Charlie,SQUID_INK,SEASHELLS,1825.0,5
3440,196800,Pablo,Charlie,SQUID_INK,SEASHELLS,1825.0,5
3443,197200,Charlie,Paris,SQUID_INK,SEASHELLS,1825.0,1
3464,198300,Charlie,Caesar,SQUID_INK,SEASHELLS,1823.0,6
3467,198400,Penelope,Charlie,SQUID_INK,SEASHELLS,1824.0,9
3473,198900,Paris,Camilla,SQUID_INK,SEASHELLS,1821.0,1
3475,199000,Paris,Charlie,SQUID_INK,SEASHELLS,1822.0,1
3477,199500,Gina,Charlie,SQUID_INK,SEASHELLS,1820.0,8
3479,199700,Paris,Charlie,SQUID_INK,SEASHELLS,1819.0,2
3493,200600,Charlie,Pablo,SQUID_INK,SEASHELLS,1817.0,5
3494,200600,Paris,Charlie,SQUID_INK,SEASHELLS,1820.0,2
3507,201300,Charlie,Paris,SQUID_INK,SEASHELLS,1816.0,1
3516,201600,Charlie,Camilla,SQUID_INK,SEASHELLS,1818.0,2
3519,201700,Paris,Camilla,SQUID_INK,SEASHELLS,1819.0,1
3520,201700,Paris,Camilla,SQUID_INK,SEASHELLS,1818.0,1
3530,202100,Camilla,Paris,SQUID_INK,SEASHELLS,1819.0,1
3534,202200,Pablo,Camilla,SQUID_INK,SEASHELLS,1823.0,2
3537,202300,Charlie,Paris,SQUID_INK,SEASHELLS,1821.0,1
3552,202800,Gina,Camilla,SQUID_INK,SEASHELLS,1825.0,1
3568,203300,Charlie,Pablo,SQUID_INK,SEASHELLS,1825.0,3
3569,203300,Charlie,Paris,SQUID_INK,SEASHELLS,1825.0,1
3571,203500,Charlie,Camilla,SQUID_INK,SEASHELLS,1826.0,4
3577,203700,Paris,Charlie,SQUID_INK,SEASHELLS,1831.0,1
3587,205100,Charlie,Penelope,SQUID_INK,SEASHELLS,1832.0,9
3590,205300,Charlie,Paris,SQUID_INK,SEASHELLS,1831.0,1
3593,205400,Gina,Paris,SQUID_INK,SEASHELLS,1833.0,1
3597,205700,Paris,Charlie,SQUID_INK,SEASHELLS,1834.0,1
3617,206500,Paris,Charlie,SQUID_INK,SEASHELLS,1835.0,1
3625,206800,Paris,Camilla,SQUID_INK,SEASHELLS,1837.0,1
3626,206800,Caesar,Gary,SQUID_INK,SEASHELLS,1835.0,2
3627,206800,Charlie,Gary,SQUID_INK,SEASHELLS,1835.0,8
3630,207100,Paris,Paris,SQUID_INK,SEASHELLS,1837.0,1
3635,207200,Pablo,Caesar,SQUID_INK,SEASHELLS,1838.0,2
3636,207200,Pablo,Camilla,SQUID_INK,SEASHELLS,1838.0,3
3639,207300,Gary,Charlie,SQUID_INK,SEASHELLS,1839.0,8
3641,207500,Charlie,Gary,SQUID_INK,SEASHELLS,1836.0,12
3644,207600,Gary,Charlie,SQUID_INK,SEASHELLS,1840.0,12
3646,207700,Camilla,Paris,SQUID_INK,SEASHELLS,1836.0,1
3648,208000,Camilla,Caesar,SQUID_INK,SEASHELLS,1835.0,3
3649,208000,Charlie,Caesar,SQUID_INK,SEASHELLS,1835.0,1
3655,208400,Charlie,Camilla,SQUID_INK,SEASHELLS,1831.0,3
3659,208600,Paris,Charlie,SQUID_INK,SEASHELLS,1833.0,2
3666,208700,Camilla,Gina,SQUID_INK,SEASHELLS,1829.0,1
3669,208900,Charlie,Pablo,SQUID_INK,SEASHELLS,1831.0,5
3682,209500,Caesar,Paris,SQUID_INK,SEASHELLS,1831.0,1
3686,209600,Gary,Charlie,SQUID_INK,SEASHELLS,1833.0,12
3710,210700,Paris,Caesar,SQUID_INK,SEASHELLS,1836.0,1
3716,211200,Charlie,Paris,SQUID_INK,SEASHELLS,1836.0,2
3719,211300,Charlie,Gary,SQUID_INK,SEASHELLS,1837.0,15
3723,211500,Paris,Charlie,SQUID_INK,SEASHELLS,1840.0,1
3727,211700,Charlie,Paris,SQUID_INK,SEASHELLS,1839.0,1
3732,211800,Paris,Charlie,SQUID_INK,SEASHELLS,1841.0,1
3743,212200,Camilla,Gary,SQUID_INK,SEASHELLS,1841.0,6
3747,212300,Charlie,Paris,SQUID_INK,SEASHELLS,1840.0,1
3748,212300,Penelope,Pablo,SQUID_INK,SEASHELLS,1841.0,4
3749,212300,Penelope,Caesar,SQUID_INK,SEASHELLS,1841.0,2
3753,212500,Paris,Penelope,SQUID_INK,SEASHELLS,1843.0,1
3760,212900,Charlie,Paris,SQUID_INK,SEASHELLS,1843.0,1
3767,213100,Charlie,Paris,SQUID_INK,SEASHELLS,1843.0,1
3771,213200,Charlie,Paris,SQUID_INK,SEASHELLS,1844.0,1
3789,213600,Charlie,Paris,SQUID_INK,SEASHELLS,1856.0,1
3800,213900,Paris,Camilla,SQUID_INK,SEASHELLS,1851.0,1
3818,214800,Camilla,Penelope,SQUID_INK,SEASHELLS,1846.0,1
3819,214800,Charlie,Penelope,SQUID_INK,SEASHELLS,1846.0,8
3827,215600,Penelope,Charlie,SQUID_INK,SEASHELLS,1854.0,7
3833,216100,Charlie,Penelope,SQUID_INK,SEASHELLS,1854.0,8
3837,216500,Charlie,Pablo,SQUID_INK,SEASHELLS,1854.0,5
3839,216600,Caesar,Paris,SQUID_INK,SEASHELLS,1850.0,1
3850,217400,Charlie,Paris,SQUID_INK,SEASHELLS,1853.0,1
3854,217600,Paris,Camilla,SQUID_INK,SEASHELLS,1862.0,1
3856,217700,Charlie,Paris,SQUID_INK,SEASHELLS,1858.0,1
3869,218100,Charlie,Paris,SQUID_INK,SEASHELLS,1847.0,1
3896,219000,Paris,Charlie,SQUID_INK,SEASHELLS,1849.0,1
3900,219100,Charlie,Gary,SQUID_INK,SEASHELLS,1846.0,12
3905,219400,Paris,Charlie,SQUID_INK,SEASHELLS,1843.0,1
3916,220200,Charlie,Camilla,SQUID_INK,SEASHELLS,1842.0,1
3917,220500,Gina,Charlie,SQUID_INK,SEASHELLS,1838.0,8
3936,221000,Charlie,Gina,SQUID_INK,SEASHELLS,1837.0,7
3945,221300,Paris,Charlie,SQUID_INK,SEASHELLS,1836.0,1
3950,221800,Paris,Charlie,SQUID_INK,SEASHELLS,1837.0,1
3952,221900,Charlie,Paris,SQUID_INK,SEASHELLS,1839.0,1
3963,222400,Charlie,Paris,SQUID_INK,SEASHELLS,1836.0,1
3965,222500,Charlie,Paris,SQUID_INK,SEASHELLS,1833.0,2
3973,223100,Pablo,Paris,SQUID_INK,SEASHELLS,1845.0,1
3974,223100,Pablo,Camilla,SQUID_INK,SEASHELLS,1845.0,3
3976,223300,Camilla,Paris,SQUID_INK,SEASHELLS,1840.0,1
3982,223400,Paris,Charlie,SQUID_INK,SEASHELLS,1843.0,2
3995,223700,Charlie,Paris,SQUID_INK,SEASHELLS,1844.0,1
3996,223700,Paris,Charlie,SQUID_INK,SEASHELLS,1847.0,2
4010,224400,Charlie,Penelope,SQUID_INK,SEASHELLS,1837.0,8
4013,224500,Paris,Charlie,SQUID_INK,SEASHELLS,1840.0,1
4025,225200,Charlie,Gina,SQUID_INK,SEASHELLS,1837.0,10
4032,225400,Charlie,Paris,SQUID_INK,SEASHELLS,1832.0,2
4045,226300,Charlie,Penelope,SQUID_INK,SEASHELLS,1828.0,13
4050,226800,Charlie,Paris,SQUID_INK,SEASHELLS,1830.0,1
4056,227100,Charlie,Paris,SQUID_INK,SEASHELLS,1831.0,1
4057,227100,Charlie,Gary,SQUID_INK,SEASHELLS,1831.0,9
4059,227300,Caesar,Paris,SQUID_INK,SEASHELLS,1829.0,1
4069,228500,Camilla,Caesar,SQUID_INK,SEASHELLS,1834.0,2
4079,228800,Charlie,Paris,SQUID_INK,SEASHELLS,1832.0,1
4087,229600,Pablo,Camilla,SQUID_INK,SEASHELLS,1836.0,1
4090,229700,Charlie,Paris,SQUID_INK,SEASHELLS,1834.0,1
4102,230000,Charlie,Paris,SQUID_INK,SEASHELLS,1838.0,1
4105,230200,Charlie,Paris,SQUID_INK,SEASHELLS,1835.0,1
4109,230800,Charlie,Paris,SQUID_INK,SEASHELLS,1836.0,1
4112,231100,Charlie,Pablo,SQUID_INK,SEASHELLS,1833.0,5
4116,231200,Paris,Charlie,SQUID_INK,SEASHELLS,1835.0,1
4152,232800,Charlie,Caesar,SQUID_INK,SEASHELLS,1839.0,4
4157,233000,Paris,Charlie,SQUID_INK,SEASHELLS,1842.0,1
4161,233500,Paris,Charlie,SQUID_INK,SEASHELLS,1837.0,1
4163,233900,Pablo,Camilla,SQUID_INK,SEASHELLS,1836.0,3
4167,234100,Paris,Charlie,SQUID_INK,SEASHELLS,1837.0,2
4171,234300,Paris,Caesar,SQUID_INK,SEASHELLS,1832.0,1
4187,235000,Paris,Charlie,SQUID_INK,SEASHELLS,1832.0,2
4191,235400,Paris,Charlie,SQUID_INK,SEASHELLS,1830.0,1
4194,235800,Paris,Charlie,SQUID_INK,SEASHELLS,1828.0,1
4201,236100,Charlie,Paris,SQUID_INK,SEASHELLS,1825.0,1
4203,236300,Charlie,Paris,SQUID_INK,SEASHELLS,1825.0,1
4211,236600,Paris,Camilla,SQUID_INK,SEASHELLS,1826.0,1
4237,237500,Paris,Charlie,SQUID_INK,SEASHELLS,1829.0,1
4250,238300,Caesar,Paris,SQUID_INK,SEASHELLS,1827.0,2
4259,238900,Charlie,Paris,SQUID_INK,SEASHELLS,1823.0,1
4284,239600,Charlie,Caesar,SQUID_INK,SEASHELLS,1816.0,6
4295,240100,Gary,Charlie,SQUID_INK,SEASHELLS,1819.0,13
4298,240200,Charlie,Pablo,SQUID_INK,SEASHELLS,1815.0,4
4305,240300,Camilla,Paris,SQUID_INK,SEASHELLS,1816.0,1
4310,240700,Pablo,Charlie,SQUID_INK,SEASHELLS,1821.0,5
4323,240900,Paris,Camilla,SQUID_INK,SEASHELLS,1821.0,1
4328,241300,Paris,Charlie,SQUID_INK,SEASHELLS,1825.0,1
4330,241400,Camilla,Paris,SQUID_INK,SEASHELLS,1823.0,1
4336,241900,Camilla,Paris,SQUID_INK,SEASHELLS,1823.0,1
4344,242300,Charlie,Pablo,SQUID_INK,SEASHELLS,1824.0,2
4349,242600,Charlie,Pablo,SQUID_INK,SEASHELLS,1825.0,3
4354,243000,Charlie,Paris,SQUID_INK,SEASHELLS,1822.0,1
4355,243000,Paris,Camilla,SQUID_INK,SEASHELLS,1824.0,2
4358,243100,Gary,Charlie,SQUID_INK,SEASHELLS,1827.0,8
4372,243900,Charlie,Paris,SQUID_INK,SEASHELLS,1825.0,2
4378,244100,Charlie,Gary,SQUID_INK,SEASHELLS,1822.0,14
4388,244300,Charlie,Pablo,SQUID_INK,SEASHELLS,1826.0,5
4393,244900,Paris,Charlie,SQUID_INK,SEASHELLS,1834.0,1
4406,245300,Charlie,Paris,SQUID_INK,SEASHELLS,1832.0,2
4411,246100,Paris,Charlie,SQUID_INK,SEASHELLS,1834.0,2
4439,247500,Charlie,Penelope,SQUID_INK,SEASHELLS,1833.0,7
4441,247600,Paris,Charlie,SQUID_INK,SEASHELLS,1836.0,1
4442,247700,Charlie,Camilla,SQUID_INK,SEASHELLS,1836.0,4
4455,248800,Charlie,Paris,SQUID_INK,SEASHELLS,1837.0,2
4469,249200,Charlie,Paris,SQUID_INK,SEASHELLS,1841.0,2
4473,249300,Charlie,Paris,SQUID_INK,SEASHELLS,1841.0,1
4476,249500,Camilla,Paris,SQUID_INK,SEASHELLS,1845.0,1
4478,249600,Paris,Charlie,SQUID_INK,SEASHELLS,1848.0,2
4489,249900,Paris,Camilla,SQUID_INK,SEASHELLS,1845.0,1
4490,249900,Gina,Paris,SQUID_INK,SEASHELLS,1845.0,1
4491,249900,Gina,Charlie,SQUID_INK,SEASHELLS,1845.0,9
4504,250400,Charlie,Paris,SQUID_INK,SEASHELLS,1842.0,1
4505,250400,Charlie,Gary,SQUID_INK,SEASHELLS,1842.0,15
4523,251300,Paris,Camilla,SQUID_INK,SEASHELLS,1844.0,1
4528,251400,Charlie,Pablo,SQUID_INK,SEASHELLS,1843.0,3
4529,251400,Charlie,Paris,SQUID_INK,SEASHELLS,1843.0,1
4530,251400,Charlie,Penelope,SQUID_INK,SEASHELLS,1843.0,6
4535,251600,Paris,Charlie,SQUID_INK,SEASHELLS,1844.0,1
4542,252600,Camilla,Paris,SQUID_INK,SEASHELLS,1844.0,1
4557,253000,Charlie,Caesar,SQUID_INK,SEASHELLS,1845.0,2
4566,253500,Charlie,Paris,SQUID_INK,SEASHELLS,1845.0,1
4569,253700,Gina,Camilla,SQUID_INK,SEASHELLS,1844.0,4
4570,253700,Gina,Charlie,SQUID_INK,SEASHELLS,1844.0,5
4572,253800,Charlie,Camilla,SQUID_INK,SEASHELLS,1846.0,1
4575,254000,Gary,Charlie,SQUID_INK,SEASHELLS,1848.0,10
4577,254200,Paris,Charlie,SQUID_INK,SEASHELLS,1846.0,1
4580,254300,Charlie,Gina,SQUID_INK,SEASHELLS,1842.0,7
4583,254700,Paris,Charlie,SQUID_INK,SEASHELLS,1846.0,2
4589,254900,Paris,Gina,SQUID_INK,SEASHELLS,1842.0,1
4590,254900,Pablo,Gina,SQUID_INK,SEASHELLS,1841.0,3
4591,254900,Charlie,Gina,SQUID_INK,SEASHELLS,1840.0,5
4594,255100,Pablo,Camilla,SQUID_INK,SEASHELLS,1842.0,1
4599,255600,Pablo,Paris,SQUID_INK,SEASHELLS,1845.0,1
4600,255600,Pablo,Paris,SQUID_INK,SEASHELLS,1845.0,2
4608,256200,Charlie,Paris,SQUID_INK,SEASHELLS,1843.0,1
4618,257100,Charlie,Paris,SQUID_INK,SEASHELLS,1842.0,1
4619,257100,Charlie,Paris,SQUID_INK,SEASHELLS,1842.0,1
4628,257700,Paris,Charlie,SQUID_INK,SEASHELLS,1849.0,1
4643,258400,Charlie,Paris,SQUID_INK,SEASHELLS,1844.0,1
4647,258500,Paris,Camilla,SQUID_INK,SEASHELLS,1847.0,1
4669,259800,Charlie,Paris,SQUID_INK,SEASHELLS,1841.0,1
4675,260300,Paris,Camilla,SQUID_INK,SEASHELLS,1842.0,1
4692,260600,Charlie,Paris,SQUID_INK,SEASHELLS,1840.0,1
4693,260600,Charlie,Penelope,SQUID_INK,SEASHELLS,1840.0,4
4694,260600,Charlie,Caesar,SQUID_INK,SEASHELLS,1841.0,4
4701,261000,Paris,Charlie,SQUID_INK,SEASHELLS,1844.0,1
4707,261200,Charlie,Pablo,SQUID_INK,SEASHELLS,1844.0,3
4712,261500,Paris,Charlie,SQUID_INK,SEASHELLS,1845.0,1
4715,261800,Gary,Camilla,SQUID_INK,SEASHELLS,1850.0,5
4730,262200,Paris,Camilla,SQUID_INK,SEASHELLS,1851.0,1
4731,262200,Charlie,Penelope,SQUID_INK,SEASHELLS,1849.0,5
4742,262800,Paris,Charlie,SQUID_INK,SEASHELLS,1857.0,1
4746,263100,Paris,Charlie,SQUID_INK,SEASHELLS,1853.0,1
4765,264100,Paris,Charlie,SQUID_INK,SEASHELLS,1855.0,1
4768,264300,Caesar,Paris,SQUID_INK,SEASHELLS,1850.0,1
4772,264800,Paris,Charlie,SQUID_INK,SEASHELLS,1851.0,1
4775,265100,Caesar,Paris,SQUID_INK,SEASHELLS,1850.0,1
4776,265200,Caesar,Camilla,SQUID_INK,SEASHELLS,1850.0,1
4788,265500,Charlie,Paris,SQUID_INK,SEASHELLS,1848.0,1
4796,265800,Paris,Charlie,SQUID_INK,SEASHELLS,1851.0,1
4802,266000,Charlie,Caesar,SQUID_INK,SEASHELLS,1850.0,5
4812,266400,Charlie,Paris,SQUID_INK,SEASHELLS,1848.0,1
4821,266600,Camilla,Penelope,SQUID_INK,SEASHELLS,1848.0,7
4822,266600,Charlie,Penelope,SQUID_INK,SEASHELLS,1848.0,4
4835,267200,Paris,Camilla,SQUID_INK,SEASHELLS,1848.0,1
4842,267700,Gary,Charlie,SQUID_INK,SEASHELLS,1848.0,10
4879,269100,Charlie,Paris,SQUID_INK,SEASHELLS,1845.0,1
4893,269300,Paris,Gina,SQUID_INK,SEASHELLS,1848.0,1
4897,269600,Charlie,Caesar,SQUID_INK,SEASHELLS,1847.0,4
4908,270300,Charlie,Paris,SQUID_INK,SEASHELLS,1848.0,1
4916,271000,Charlie,Paris,SQUID_INK,SEASHELLS,1842.0,1
4930,271600,Charlie,Gina,SQUID_INK,SEASHELLS,1841.0,7
4937,271900,Camilla,Penelope,SQUID_INK,SEASHELLS,1841.0,5
4938,271900,Charlie,Penelope,SQUID_INK,SEASHELLS,1841.0,6
4940,272000,Camilla,Gina,SQUID_INK,SEASHELLS,1843.0,8
4947,272900,Charlie,Paris,SQUID_INK,SEASHELLS,1846.0,1
4955,273300,Camilla,Paris,SQUID_INK,SEASHELLS,1846.0,1
4966,273800,Charlie,Penelope,SQUID_INK,SEASHELLS,1848.0,5
4990,274900,Charlie,Penelope,SQUID_INK,SEASHELLS,1847.0,14
5001,275400,Caesar,Paris,SQUID_INK,SEASHELLS,1848.0,1
5008,275800,Paris,Charlie,SQUID_INK,SEASHELLS,1853.0,2
5015,276300,Charlie,Paris,SQUID_INK,SEASHELLS,1849.0,1
5022,276400,Paris,Charlie,SQUID_INK,SEASHELLS,1849.0,1
5031,276900,Charlie,Paris,SQUID_INK,SEASHELLS,1850.0,1
5047,278000,Gary,Charlie,SQUID_INK,SEASHELLS,1854.0,15
5053,278400,Pablo,Caesar,SQUID_INK,SEASHELLS,1853.0,2
5056,278500,Charlie,Paris,SQUID_INK,SEASHELLS,1852.0,1
5069,279200,Paris,Charlie,SQUID_INK,SEASHELLS,1850.0,1
5074,279400,Charlie,Paris,SQUID_INK,SEASHELLS,1846.0,1
5075,279400,Charlie,Paris,SQUID_INK,SEASHELLS,1846.0,1
5077,279500,Charlie,Paris,SQUID_INK,SEASHELLS,1845.0,1
5080,279800,Camilla,Paris,SQUID_INK,SEASHELLS,1845.0,1
5082,280100,Paris,Camilla,SQUID_INK,SEASHELLS,1847.0,1
5084,280200,Gary,Camilla,SQUID_INK,SEASHELLS,1846.0,6
5099,280900,Charlie,Paris,SQUID_INK,SEASHELLS,1845.0,1
5102,281000,Paris,Camilla,SQUID_INK,SEASHELLS,1848.0,1
5104,281100,Charlie,Paris,SQUID_INK,SEASHELLS,1845.0,1
5108,281500,Penelope,Charlie,SQUID_INK,SEASHELLS,1849.0,6
5115,281800,Charlie,Paris,SQUID_INK,SEASHELLS,1845.0,2
5116,281800,Charlie,Caesar,SQUID_INK,SEASHELLS,1846.0,6
5121,282300,Paris,Charlie,SQUID_INK,SEASHELLS,1842.0,2
5135,283800,Charlie,Pablo,SQUID_INK,SEASHELLS,1836.0,2
5139,283900,Camilla,Paris,SQUID_INK,SEASHELLS,1833.0,1
5144,284100,Charlie,Gary,SQUID_INK,SEASHELLS,1835.0,15
5145,284100,Charlie,Gina,SQUID_INK,SEASHELLS,1836.0,7
5151,284700,Charlie,Paris,SQUID_INK,SEASHELLS,1836.0,1
5177,285500,Pablo,Gary,SQUID_INK,SEASHELLS,1836.0,3
5182,285700,Paris,Charlie,SQUID_INK,SEASHELLS,1835.0,1
5188,286200,Charlie,Paris,SQUID_INK,SEASHELLS,1831.0,1
5192,286500,Charlie,Caesar,SQUID_INK,SEASHELLS,1830.0,2
5200,287100,Gina,Charlie,SQUID_INK,SEASHELLS,1832.0,10
5202,287400,Paris,Charlie,SQUID_INK,SEASHELLS,1829.0,1
5204,287500,Charlie,Paris,SQUID_INK,SEASHELLS,1826.0,1
5206,287600,Paris,Camilla,SQUID_INK,SEASHELLS,1826.0,1
5211,287900,Charlie,Paris,SQUID_INK,SEASHELLS,1824.0,1
5213,288000,Paris,Camilla,SQUID_INK,SEASHELLS,1825.0,1
5215,288300,Charlie,Caesar,SQUID_INK,SEASHELLS,1828.0,2
5221,288600,Gary,Charlie,SQUID_INK,SEASHELLS,1835.0,13
5233,289400,Charlie,Paris,SQUID_INK,SEASHELLS,1835.0,1
5245,290800,Charlie,Paris,SQUID_INK,SEASHELLS,1836.0,1
5256,291500,Penelope,Charlie,SQUID_INK,SEASHELLS,1837.0,7
5272,292300,Caesar,Paris,SQUID_INK,SEASHELLS,1832.0,1
5275,292400,Paris,Charlie,SQUID_INK,SEASHELLS,1834.0,1
5278,292700,Paris,Charlie,SQUID_INK,SEASHELLS,1836.0,2
5279,293000,Pablo,Camilla,SQUID_INK,SEASHELLS,1835.0,3
5289,293500,Charlie,Pablo,SQUID_INK,SEASHELLS,1835.0,3
5292,293600,Paris,Charlie,SQUID_INK,SEASHELLS,1837.0,1
5305,294100,Camilla,Paris,SQUID_INK,SEASHELLS,1832.0,1
5311,294500,Charlie,Paris,SQUID_INK,SEASHELLS,1833.0,1
5312,294500,Charlie,Paris,SQUID_INK,SEASHELLS,1833.0,1
5316,294700,Charlie,Penelope,SQUID_INK,SEASHELLS,1834.0,15
5321,295100,Gary,Charlie,SQUID_INK,SEASHELLS,1837.0,14
5334,295200,Paris,Caesar,SQUID_INK,SEASHELLS,1836.0,1
5335,295200,Paris,Charlie,SQUID_INK,SEASHELLS,1836.0,1
5341,295400,Paris,Charlie,SQUID_INK,SEASHELLS,1834.0,2
5343,295500,Penelope,Charlie,SQUID_INK,SEASHELLS,1833.0,13
5349,296000,Paris,Camilla,SQUID_INK,SEASHELLS,1834.0,1
5352,296100,Charlie,Paris,SQUID_INK,SEASHELLS,1833.0,1
5361,296700,Paris,Camilla,SQUID_INK,SEASHELLS,1836.0,1
5362,296700,Charlie,Camilla,SQUID_INK,SEASHELLS,1835.0,2
5364,296800,Charlie,Paris,SQUID_INK,SEASHELLS,1834.0,1
5373,297100,Paris,Charlie,SQUID_INK,SEASHELLS,1839.0,2
5376,297200,Gary,Charlie,SQUID_INK,SEASHELLS,1839.0,12
5387,298100,Charlie,Paris,SQUID_INK,SEASHELLS,1836.0,1
5395,298600,Camilla,Paris,SQUID_INK,SEASHELLS,1835.0,1
5401,298700,Camilla,Penelope,SQUID_INK,SEASHELLS,1836.0,3
5402,298700,Charlie,Paris,SQUID_INK,SEASHELLS,1835.0,1
5408,298900,Charlie,Paris,SQUID_INK,SEASHELLS,1838.0,1
5424,299600,Penelope,Caesar,SQUID_INK,SEASHELLS,1841.0,4
5427,299700,Charlie,Paris,SQUID_INK,SEASHELLS,1840.0,1
5429,299800,Paris,Charlie,SQUID_INK,SEASHELLS,1843.0,1
5437,300200,Charlie,Paris,SQUID_INK,SEASHELLS,1840.0,1
5438,300200,Penelope,Charlie,SQUID_INK,SEASHELLS,1843.0,6
5445,301000,Camilla,Paris,SQUID_INK,SEASHELLS,1842.0,1
5450,301100,Gary,Charlie,SQUID_INK,SEASHELLS,1846.0,15
5451,301100,Paris,Charlie,SQUID_INK,SEASHELLS,1846.0,2
5454,301200,Caesar,Paris,SQUID_INK,SEASHELLS,1843.0,1
5455,301200,Charlie,Paris,SQUID_INK,SEASHELLS,1842.0,2
5462,301600,Gary,Charlie,SQUID_INK,SEASHELLS,1847.0,12
5463,301600,Charlie,Paris,SQUID_INK,SEASHELLS,1844.0,2
5467,301800,Paris,Charlie,SQUID_INK,SEASHELLS,1847.0,1
5499,303800,Caesar,Gina,SQUID_INK,SEASHELLS,1844.0,6
5500,303800,Camilla,Gina,SQUID_INK,SEASHELLS,1844.0,1
5501,303800,Paris,Charlie,SQUID_INK,SEASHELLS,1847.0,2
5506,304400,Paris,Paris,SQUID_INK,SEASHELLS,1845.0,1
5508,304500,Paris,Charlie,SQUID_INK,SEASHELLS,1845.0,2
5511,304600,Charlie,Paris,SQUID_INK,SEASHELLS,1840.0,1
5512,304600,Charlie,Pablo,SQUID_INK,SEASHELLS,1841.0,2
5516,305100,Paris,Charlie,SQUID_INK,SEASHELLS,1844.0,2
5522,305200,Paris,Charlie,SQUID_INK,SEASHELLS,1841.0,1
5529,305300,Charlie,Paris,SQUID_INK,SEASHELLS,1840.0,1
5531,305400,Paris,Penelope,SQUID_INK,SEASHELLS,1841.0,1
5543,305600,Camilla,Paris,SQUID_INK,SEASHELLS,1839.0,1
5545,305700,Charlie,Paris,SQUID_INK,SEASHELLS,1837.0,1
5555,306300,Camilla,Paris,SQUID_INK,SEASHELLS,1840.0,1
5561,306700,Paris,Camilla,SQUID_INK,SEASHELLS,1841.0,1
5577,307300,Charlie,Paris,SQUID_INK,SEASHELLS,1843.0,1
5578,307300,Charlie,Paris,SQUID_INK,SEASHELLS,1843.0,2
5581,307500,Paris,Camilla,SQUID_INK,SEASHELLS,1844.0,1
5609,308400,Caesar,Pablo,SQUID_INK,SEASHELLS,1844.0,2
5610,308400,Charlie,Pablo,SQUID_INK,SEASHELLS,1844.0,3
5615,308600,Paris,Charlie,SQUID_INK,SEASHELLS,1846.0,2
5626,309200,Caesar,Pablo,SQUID_INK,SEASHELLS,1841.0,2
5627,309200,Charlie,Pablo,SQUID_INK,SEASHELLS,1841.0,2
5647,309800,Charlie,Paris,SQUID_INK,SEASHELLS,1844.0,1
5663,311000,Gary,Charlie,SQUID_INK,SEASHELLS,1847.0,11
5665,311200,Paris,Charlie,SQUID_INK,SEASHELLS,1847.0,2
5669,311400,Charlie,Paris,SQUID_INK,SEASHELLS,1845.0,1
5671,311600,Charlie,Pablo,SQUID_INK,SEASHELLS,1842.0,4
5675,312100,Paris,Caesar,SQUID_INK,SEASHELLS,1843.0,1
5680,312700,Charlie,Paris,SQUID_INK,SEASHELLS,1841.0,1
5696,313700,Charlie,Gina,SQUID_INK,SEASHELLS,1842.0,8
5702,314500,Charlie,Paris,SQUID_INK,SEASHELLS,1843.0,2
5717,314900,Paris,Gina,SQUID_INK,SEASHELLS,1843.0,1
5718,314900,Charlie,Gina,SQUID_INK,SEASHELLS,1841.0,7
5719,314900,Paris,Camilla,SQUID_INK,SEASHELLS,1843.0,2
5725,315200,Charlie,Paris,SQUID_INK,SEASHELLS,1842.0,2
5736,315400,Charlie,Paris,SQUID_INK,SEASHELLS,1842.0,1
5740,315600,Charlie,Penelope,SQUID_INK,SEASHELLS,1844.0,10
5748,316000,Paris,Charlie,SQUID_INK,SEASHELLS,1848.0,1
5760,316400,Charlie,Paris,SQUID_INK,SEASHELLS,1844.0,1
5767,316900,Charlie,Paris,SQUID_INK,SEASHELLS,1843.0,1
5787,317300,Charlie,Paris,SQUID_INK,SEASHELLS,1844.0,1
5792,317400,Charlie,Pablo,SQUID_INK,SEASHELLS,1844.0,2
5811,317800,Charlie,Paris,SQUID_INK,SEASHELLS,1846.0,1
5823,318900,Camilla,Paris,SQUID_INK,SEASHELLS,1849.0,1
5831,319600,Charlie,Paris,SQUID_INK,SEASHELLS,1849.0,1
5833,319700,Charlie,Paris,SQUID_INK,SEASHELLS,1848.0,1
5839,320000,Paris,Charlie,SQUID_INK,SEASHELLS,1851.0,2
5864,320600,Charlie,Paris,SQUID_INK,SEASHELLS,1850.0,1
5865,320600,Charlie,Paris,SQUID_INK,SEASHELLS,1850.0,2
5883,321400,Charlie,Paris,SQUID_INK,SEASHELLS,1854.0,1
5885,321600,Charlie,Paris,SQUID_INK,SEASHELLS,1854.0,1
5900,322200,Camilla,Paris,SQUID_INK,SEASHELLS,1854.0,1
5905,322500,Paris,Charlie,SQUID_INK,SEASHELLS,1858.0,2
5917,322600,Charlie,Caesar,SQUID_INK,SEASHELLS,1856.0,2
5919,322800,Charlie,Gina,SQUID_INK,SEASHELLS,1855.0,7
5923,323300,Charlie,Paris,SQUID_INK,SEASHELLS,1855.0,1
5931,323800,Charlie,Paris,SQUID_INK,SEASHELLS,1855.0,1
5939,324000,Gary,Charlie,SQUID_INK,SEASHELLS,1857.0,15
5943,324100,Penelope,Charlie,SQUID_INK,SEASHELLS,1858.0,11
5946,324300,Paris,Charlie,SQUID_INK,SEASHELLS,1856.0,1
5948,324400,Paris,Camilla,SQUID_INK,SEASHELLS,1858.0,2
5953,325200,Charlie,Pablo,SQUID_INK,SEASHELLS,1859.0,3
5956,325300,Camilla,Paris,SQUID_INK,SEASHELLS,1858.0,1
5963,326000,Camilla,Caesar,SQUID_INK,SEASHELLS,1860.0,1
5964,326000,Charlie,Caesar,SQUID_INK,SEASHELLS,1860.0,1
5968,326300,Gary,Charlie,SQUID_INK,SEASHELLS,1862.0,11
5972,326500,Paris,Pablo,SQUID_INK,SEASHELLS,1859.0,1
5973,326500,Camilla,Pablo,SQUID_INK,SEASHELLS,1859.0,1
5974,326500,Charlie,Pablo,SQUID_INK,SEASHELLS,1859.0,1
5978,326900,Charlie,Paris,SQUID_INK,SEASHELLS,1859.0,2
5990,327300,Charlie,Paris,SQUID_INK,SEASHELLS,1857.0,1
6001,328000,Paris,Camilla,SQUID_INK,SEASHELLS,1861.0,1
6005,328500,Camilla,Paris,SQUID_INK,SEASHELLS,1860.0,1
6028,329600,Pablo,Paris,SQUID_INK,SEASHELLS,1865.0,1
6035,329900,Charlie,Penelope,SQUID_INK,SEASHELLS,1864.0,13
6039,330300,Charlie,Paris,SQUID_INK,SEASHELLS,1863.0,1
6042,330400,Camilla,Penelope,SQUID_INK,SEASHELLS,1865.0,3
6043,330400,Charlie,Penelope,SQUID_INK,SEASHELLS,1865.0,1
6047,330700,Charlie,Penelope,SQUID_INK,SEASHELLS,1865.0,13
6051,330900,Caesar,Paris,SQUID_INK,SEASHELLS,1864.0,1
6056,331000,Charlie,Pablo,SQUID_INK,SEASHELLS,1865.0,5
6057,331000,Paris,Charlie,SQUID_INK,SEASHELLS,1868.0,1
6067,331300,Caesar,Paris,SQUID_INK,SEASHELLS,1867.0,1
6068,331300,Charlie,Paris,SQUID_INK,SEASHELLS,1867.0,1
6079,331900,Paris,Charlie,SQUID_INK,SEASHELLS,1867.0,1
6086,332100,Camilla,Paris,SQUID_INK,SEASHELLS,1864.0,1
6087,332100,Paris,Charlie,SQUID_INK,SEASHELLS,1867.0,2
6103,332600,Paris,Pablo,SQUID_INK,SEASHELLS,1863.0,1
6114,332800,Charlie,Paris,SQUID_INK,SEASHELLS,1858.0,1
6130,334000,Camilla,Pablo,SQUID_INK,SEASHELLS,1864.0,4
6131,334000,Camilla,Paris,SQUID_INK,SEASHELLS,1864.0,1
6132,334000,Charlie,Paris,SQUID_INK,SEASHELLS,1864.0,0
6139,334500,Camilla,Paris,SQUID_INK,SEASHELLS,1866.0,1
6141,334600,Charlie,Paris,SQUID_INK,SEASHELLS,1866.0,2
6147,334900,Charlie,Penelope,SQUID_INK,SEASHELLS,1867.0,7
6150,335100,Paris,Charlie,SQUID_INK,SEASHELLS,1870.0,1
6166,335500,Penelope,Camilla,SQUID_INK,SEASHELLS,1868.0,7
6177,336500,Paris,Charlie,SQUID_INK,SEASHELLS,1871.0,1
6182,336800,Penelope,Charlie,SQUID_INK,SEASHELLS,1873.0,10
6192,337300,Gary,Charlie,SQUID_INK,SEASHELLS,1871.0,13
6193,337300,Penelope,Charlie,SQUID_INK,SEASHELLS,1871.0,5
6200,338100,Charlie,Paris,SQUID_INK,SEASHELLS,1867.0,1
6212,338200,Charlie,Paris,SQUID_INK,SEASHELLS,1866.0,1
6218,338900,Penelope,Charlie,SQUID_INK,SEASHELLS,1864.0,6
6221,339100,Paris,Camilla,SQUID_INK,SEASHELLS,1863.0,1
6226,339400,Pablo,Camilla,SQUID_INK,SEASHELLS,1863.0,5
6229,340100,Paris,Charlie,SQUID_INK,SEASHELLS,1861.0,1
6235,340200,Paris,Camilla,SQUID_INK,SEASHELLS,1862.0,2
6239,340700,Penelope,Charlie,SQUID_INK,SEASHELLS,1864.0,8
6244,341200,Camilla,Penelope,SQUID_INK,SEASHELLS,1860.0,8
6245,341200,Charlie,Penelope,SQUID_INK,SEASHELLS,1860.0,1
6265,342500,Paris,Charlie,SQUID_INK,SEASHELLS,1857.0,1
6268,342800,Paris,Charlie,SQUID_INK,SEASHELLS,1855.0,1
6286,343600,Charlie,Paris,SQUID_INK,SEASHELLS,1853.0,2
6292,343800,Charlie,Paris,SQUID_INK,SEASHELLS,1851.0,1
6300,343900,Paris,Paris,SQUID_INK,SEASHELLS,1853.0,1
6308,344900,Charlie,Paris,SQUID_INK,SEASHELLS,1854.0,2
6323,345700,Penelope,Charlie,SQUID_INK,SEASHELLS,1851.0,4
6337,345800,Charlie,Paris,SQUID_INK,SEASHELLS,1849.0,1
6345,346600,Charlie,Penelope,SQUID_INK,SEASHELLS,1848.0,4
6347,346900,Paris,Charlie,SQUID_INK,SEASHELLS,1851.0,2
6357,347500,Paris,Charlie,SQUID_INK,SEASHELLS,1851.0,2
6358,347500,Paris,Charlie,SQUID_INK,SEASHELLS,1850.0,1
6360,347700,Charlie,Gina,SQUID_INK,SEASHELLS,1848.0,9
6367,347800,Penelope,Charlie,SQUID_INK,SEASHELLS,1851.0,6
6376,348300,Charlie,Paris,SQUID_INK,SEASHELLS,1850.0,1
6383,348800,Camilla,Pablo,SQUID_INK,SEASHELLS,1849.0,5
6390,349400,Pablo,Camilla,SQUID_INK,SEASHELLS,1852.0,2
6391,349400,Paris,Charlie,SQUID_INK,SEASHELLS,1853.0,2
6400,349600,Paris,Penelope,SQUID_INK,SEASHELLS,1852.0,1
6402,349700,Charlie,Paris,SQUID_INK,SEASHELLS,1850.0,1
6424,350100,Paris,Charlie,SQUID_INK,SEASHELLS,1854.0,1
6430,350300,Charlie,Paris,SQUID_INK,SEASHELLS,1851.0,1
6446,351100,Charlie,Paris,SQUID_INK,SEASHELLS,1852.0,1
6450,351200,Paris,Camilla,SQUID_INK,SEASHELLS,1855.0,1
6462,351900,Penelope,Charlie,SQUID_INK,SEASHELLS,1859.0,6
6464,352000,Charlie,Paris,SQUID_INK,SEASHELLS,1855.0,1
6468,352300,Caesar,Paris,SQUID_INK,SEASHELLS,1857.0,1
6472,352500,Camilla,Paris,SQUID_INK,SEASHELLS,1854.0,1
6474,352800,Camilla,Paris,SQUID_INK,SEASHELLS,1854.0,1
6476,352900,Camilla,Paris,SQUID_INK,SEASHELLS,1851.0,2
6504,354000,Paris,Camilla,SQUID_INK,SEASHELLS,1857.0,2
6522,354200,Camilla,Penelope,SQUID_INK,SEASHELLS,1856.0,4
6523,354200,Charlie,Penelope,SQUID_INK,SEASHELLS,1856.0,2
6524,354200,Paris,Charlie,SQUID_INK,SEASHELLS,1859.0,1
6533,354300,Caesar,Paris,SQUID_INK,SEASHELLS,1857.0,1
6536,354600,Charlie,Pablo,SQUID_INK,SEASHELLS,1858.0,4
6538,354700,Camilla,Paris,SQUID_INK,SEASHELLS,1856.0,1
6542,354800,Paris,Charlie,SQUID_INK,SEASHELLS,1859.0,1
6545,354900,Paris,Charlie,SQUID_INK,SEASHELLS,1860.0,1
6547,355200,Caesar,Paris,SQUID_INK,SEASHELLS,1858.0,1
6551,355400,Charlie,Paris,SQUID_INK,SEASHELLS,1856.0,1
6553,355500,Charlie,Paris,SQUID_INK,SEASHELLS,1855.0,2
6577,356000,Charlie,Gina,SQUID_INK,SEASHELLS,1855.0,10
6581,356500,Camilla,Caesar,SQUID_INK,SEASHELLS,1851.0,2
6582,356500,Charlie,Caesar,SQUID_INK,SEASHELLS,1851.0,3
6589,356700,Pablo,Charlie,SQUID_INK,SEASHELLS,1855.0,3
6590,356700,Paris,Charlie,SQUID_INK,SEASHELLS,1855.0,1
6593,356800,Caesar,Paris,SQUID_INK,SEASHELLS,1852.0,1
6594,356800,Charlie,Paris,SQUID_INK,SEASHELLS,1852.0,1
6602,357100,Paris,Camilla,SQUID_INK,SEASHELLS,1856.0,1
6611,357500,Paris,Camilla,SQUID_INK,SEASHELLS,1857.0,1
6615,357600,Caesar,Paris,SQUID_INK,SEASHELLS,1855.0,1
6625,358400,Camilla,Penelope,SQUID_INK,SEASHELLS,1858.0,4
6626,358400,Charlie,Penelope,SQUID_INK,SEASHELLS,1858.0,2
6651,358800,Paris,Charlie,SQUID_INK,SEASHELLS,1857.0,1
6653,358900,Caesar,Penelope,SQUID_INK,SEASHELLS,1856.0,1
6654,358900,Charlie,Penelope,SQUID_INK,SEASHELLS,1856.0,3
6660,359300,Charlie,Gary,SQUID_INK,SEASHELLS,1855.0,11
6662,359400,Penelope,Charlie,SQUID_INK,SEASHELLS,1858.0,10
6674,359700,Charlie,Paris,SQUID_INK,SEASHELLS,1857.0,1
6676,359800,Charlie,Paris,SQUID_INK,SEASHELLS,1856.0,1
6682,360400,Pablo,Camilla,SQUID_INK,SEASHELLS,1862.0,1
6693,361400,Penelope,Charlie,SQUID_INK,SEASHELLS,1865.0,5
6698,361900,Charlie,Paris,SQUID_INK,SEASHELLS,1865.0,1
6702,362100,Caesar,Pablo,SQUID_INK,SEASHELLS,1865.0,2
6703,362100,Charlie,Pablo,SQUID_INK,SEASHELLS,1865.0,3
6707,362200,Charlie,Paris,SQUID_INK,SEASHELLS,1864.0,2
6709,362500,Charlie,Caesar,SQUID_INK,SEASHELLS,1864.0,4
6725,362600,Paris,Charlie,SQUID_INK,SEASHELLS,1865.0,1
6728,362700,Charlie,Paris,SQUID_INK,SEASHELLS,1865.0,1
6741,363100,Paris,Caesar,SQUID_INK,SEASHELLS,1867.0,1
6744,363200,Charlie,Paris,SQUID_INK,SEASHELLS,1863.0,2
6746,363300,Gary,Charlie,SQUID_INK,SEASHELLS,1867.0,14
6757,363600,Paris,Pablo,SQUID_INK,SEASHELLS,1864.0,1
6758,363600,Charlie,Pablo,SQUID_INK,SEASHELLS,1864.0,4
6764,364100,Charlie,Paris,SQUID_INK,SEASHELLS,1860.0,1
6765,364100,Gary,Charlie,SQUID_INK,SEASHELLS,1863.0,12
6774,364200,Charlie,Paris,SQUID_INK,SEASHELLS,1861.0,1
6779,364300,Charlie,Paris,SQUID_INK,SEASHELLS,1861.0,1
6784,364600,Caesar,Paris,SQUID_INK,SEASHELLS,1857.0,1
6786,364700,Caesar,Paris,SQUID_INK,SEASHELLS,1857.0,1
6789,364900,Caesar,Paris,SQUID_INK,SEASHELLS,1855.0,1
6792,365000,Gary,Charlie,SQUID_INK,SEASHELLS,1855.0,14
6795,365100,Camilla,Gina,SQUID_INK,SEASHELLS,1856.0,8
6798,365400,Charlie,Paris,SQUID_INK,SEASHELLS,1853.0,2
6800,365500,Paris,Charlie,SQUID_INK,SEASHELLS,1856.0,1
6805,365900,Charlie,Paris,SQUID_INK,SEASHELLS,1858.0,1
6810,366100,Charlie,Paris,SQUID_INK,SEASHELLS,1857.0,1
6811,366100,Paris,Charlie,SQUID_INK,SEASHELLS,1860.0,1
6813,366200,Charlie,Paris,SQUID_INK,SEASHELLS,1860.0,1
6818,366300,Pablo,Camilla,SQUID_INK,SEASHELLS,1861.0,5
6826,366700,Charlie,Paris,SQUID_INK,SEASHELLS,1866.0,1
6831,367000,Charlie,Pablo,SQUID_INK,SEASHELLS,1866.0,4
6834,367100,Paris,Charlie,SQUID_INK,SEASHELLS,1867.0,1
6837,367200,Camilla,Pablo,SQUID_INK,SEASHELLS,1865.0,2
6840,367300,Charlie,Paris,SQUID_INK,SEASHELLS,1864.0,1
6841,367300,Paris,Charlie,SQUID_INK,SEASHELLS,1867.0,2
6845,367500,Charlie,Paris,SQUID_INK,SEASHELLS,1864.0,1
6850,367700,Charlie,Paris,SQUID_INK,SEASHELLS,1862.0,1
6860,368100,Paris,Gina,SQUID_INK,SEASHELLS,1865.0,2
6868,368400,Penelope,Charlie,SQUID_INK,SEASHELLS,1874.0,15
6871,368700,Paris,Charlie,SQUID_INK,SEASHELLS,1875.0,1
6877,369000,Paris,Camilla,SQUID_INK,SEASHELLS,1877.0,1
6881,369200,Charlie,Caesar,SQUID_INK,SEASHELLS,1874.0,2
6885,369400,Camilla,Caesar,SQUID_INK,SEASHELLS,1870.0,4
6893,370200,Charlie,Paris,SQUID_INK,SEASHELLS,1872.0,1
6899,370600,Charlie,Camilla,SQUID_INK,SEASHELLS,1871.0,2
6911,371300,Camilla,Penelope,SQUID_INK,SEASHELLS,1871.0,4
6914,371400,Charlie,Paris,SQUID_INK,SEASHELLS,1870.0,2
6916,371600,Charlie,Paris,SQUID_INK,SEASHELLS,1872.0,1
6929,371800,Charlie,Paris,SQUID_INK,SEASHELLS,1871.0,2
6932,372200,Charlie,Paris,SQUID_INK,SEASHELLS,1872.0,1
6946,372700,Paris,Gary,SQUID_INK,SEASHELLS,1874.0,1
6957,373100,Charlie,Penelope,SQUID_INK,SEASHELLS,1873.0,7
6961,373300,Paris,Charlie,SQUID_INK,SEASHELLS,1878.0,1
6965,373500,Charlie,Gary,SQUID_INK,SEASHELLS,1876.0,10
6968,373600,Penelope,Charlie,SQUID_INK,SEASHELLS,1877.0,7
6970,373800,Charlie,Paris,SQUID_INK,SEASHELLS,1873.0,1
6977,373900,Paris,Charlie,SQUID_INK,SEASHELLS,1876.0,1
6987,374700,Penelope,Paris,SQUID_INK,SEASHELLS,1876.0,1
7000,375400,Camilla,Gina,SQUID_INK,SEASHELLS,1876.0,7
7001,375400,Charlie,Gina,SQUID_INK,SEASHELLS,1876.0,2
7004,375700,Paris,Charlie,SQUID_INK,SEASHELLS,1878.0,1
7007,375800,Charlie,Paris,SQUID_INK,SEASHELLS,1878.0,1
7013,376000,Paris,Camilla,SQUID_INK,SEASHELLS,1878.0,1
7016,376400,Pablo,Camilla,SQUID_INK,SEASHELLS,1879.0,2
7021,376700,Paris,Charlie,SQUID_INK,SEASHELLS,1881.0,1
7029,377300,Paris,Camilla,SQUID_INK,SEASHELLS,1880.0,1
7055,378400,Paris,Camilla,SQUID_INK,SEASHELLS,1883.0,1
7057,378500,Charlie,Paris,SQUID_INK,SEASHELLS,1881.0,1
7062,379000,Paris,Charlie,SQUID_INK,SEASHELLS,1884.0,1
7077,379200,Paris,Charlie,SQUID_INK,SEASHELLS,1884.0,2
7080,379400,Charlie,Paris,SQUID_INK,SEASHELLS,1879.0,1
7082,379500,Charlie,Gary,SQUID_INK,SEASHELLS,1879.0,14
7084,379600,Paris,Charlie,SQUID_INK,SEASHELLS,1882.0,2
7089,380300,Charlie,Paris,SQUID_INK,SEASHELLS,1869.0,1
7092,380900,Paris,Charlie,SQUID_INK,SEASHELLS,1879.0,1
7107,381600,Paris,Camilla,SQUID_INK,SEASHELLS,1874.0,1
7121,382400,Pablo,Paris,SQUID_INK,SEASHELLS,1861.0,2
7137,383100,Paris,Charlie,SQUID_INK,SEASHELLS,1863.0,2
7140,383200,Charlie,Paris,SQUID_INK,SEASHELLS,1861.0,1
7147,383600,Charlie,Paris,SQUID_INK,SEASHELLS,1864.0,1
7148,383600,Paris,Camilla,SQUID_INK,SEASHELLS,1866.0,1
7180,385300,Charlie,Paris,SQUID_INK,SEASHELLS,1856.0,1
7196,385700,Charlie,Gary,SQUID_INK,SEASHELLS,1854.0,9
7197,385700,Penelope,Camilla,SQUID_INK,SEASHELLS,1856.0,8
7198,385700,Penelope,Paris,SQUID_INK,SEASHELLS,1856.0,2
7200,385800,Gary,Charlie,SQUID_INK,SEASHELLS,1856.0,9
7207,386000,Charlie,Paris,SQUID_INK,SEASHELLS,1854.0,1
7211,386300,Charlie,Gary,SQUID_INK,SEASHELLS,1852.0,15
7215,386600,Charlie,Paris,SQUID_INK,SEASHELLS,1849.0,1
7221,387100,Charlie,Penelope,SQUID_INK,SEASHELLS,1843.0,14
7234,387200,Paris,Charlie,SQUID_INK,SEASHELLS,1844.0,1
7236,387400,Charlie,Paris,SQUID_INK,SEASHELLS,1841.0,2
7238,387500,Paris,Camilla,SQUID_INK,SEASHELLS,1844.0,2
7240,387600,Paris,Charlie,SQUID_INK,SEASHELLS,1846.0,1
7249,387800,Camilla,Paris,SQUID_INK,SEASHELLS,1844.0,1
7251,388000,Charlie,Paris,SQUID_INK,SEASHELLS,1843.0,1
7252,388000,Charlie,Caesar,SQUID_INK,SEASHELLS,1844.0,6
7256,388100,Paris,Camilla,SQUID_INK,SEASHELLS,1846.0,1
7257,388100,Penelope,Camilla,SQUID_INK,SEASHELLS,1846.0,4
7258,388100,Charlie,Paris,SQUID_INK,SEASHELLS,1844.0,2
7264,388400,Camilla,Gina,SQUID_INK,SEASHELLS,1847.0,3
7265,388400,Charlie,Gina,SQUID_INK,SEASHELLS,1847.0,5
7270,388900,Camilla,Paris,SQUID_INK,SEASHELLS,1854.0,1
7278,389500,Gary,Charlie,SQUID_INK,SEASHELLS,1860.0,14
7285,389700,Paris,Charlie,SQUID_INK,SEASHELLS,1860.0,1
7298,390400,Camilla,Pablo,SQUID_INK,SEASHELLS,1857.0,3
7302,390900,Charlie,Gina,SQUID_INK,SEASHELLS,1861.0,9
7309,391800,Charlie,Penelope,SQUID_INK,SEASHELLS,1862.0,7
7314,392000,Gary,Charlie,SQUID_INK,SEASHELLS,1866.0,15
7318,392400,Charlie,Paris,SQUID_INK,SEASHELLS,1861.0,1
7334,393000,Gary,Camilla,SQUID_INK,SEASHELLS,1863.0,5
7335,393000,Gary,Charlie,SQUID_INK,SEASHELLS,1863.0,6
7349,393200,Caesar,Paris,SQUID_INK,SEASHELLS,1857.0,1
7366,394200,Charlie,Paris,SQUID_INK,SEASHELLS,1858.0,1
7375,394500,Caesar,Paris,SQUID_INK,SEASHELLS,1857.0,1
7382,394800,Charlie,Paris,SQUID_INK,SEASHELLS,1854.0,1
7383,394800,Paris,Charlie,SQUID_INK,SEASHELLS,1857.0,1
7391,395200,Penelope,Charlie,SQUID_INK,SEASHELLS,1857.0,13
7392,395200,Paris,Charlie,SQUID_INK,SEASHELLS,1857.0,2
7394,395300,Charlie,Paris,SQUID_INK,SEASHELLS,1854.0,1
7400,395800,Charlie,Paris,SQUID_INK,SEASHELLS,1850.0,1
7401,395800,Paris,Charlie,SQUID_INK,SEASHELLS,1853.0,2
7408,396500,Paris,Charlie,SQUID_INK,SEASHELLS,1852.0,2
7415,396800,Penelope,Charlie,SQUID_INK,SEASHELLS,1852.0,7
7418,396900,Charlie,Caesar,SQUID_INK,SEASHELLS,1849.0,6
7421,397200,Pablo,Camilla,SQUID_INK,SEASHELLS,1850.0,5
7423,397300,Paris,Camilla,SQUID_INK,SEASHELLS,1851.0,1
7425,397600,Charlie,Paris,SQUID_INK,SEASHELLS,1849.0,1
7433,398200,Gina,Charlie,SQUID_INK,SEASHELLS,1846.0,10
7438,398300,Paris,Charlie,SQUID_INK,SEASHELLS,1845.0,1
7439,398300,Paris,Charlie,SQUID_INK,SEASHELLS,1844.0,1
7444,398700,Caesar,Paris,SQUID_INK,SEASHELLS,1841.0,1
7447,399200,Caesar,Paris,SQUID_INK,SEASHELLS,1842.0,1
7457,399600,Charlie,Paris,SQUID_INK,SEASHELLS,1845.0,1
7459,399700,Charlie,Paris,SQUID_INK,SEASHELLS,1845.0,1
7467,400000,Penelope,Charlie,SQUID_INK,SEASHELLS,1849.0,7
7470,400200,Paris,Charlie,SQUID_INK,SEASHELLS,1846.0,2
7474,400700,Camilla,Pablo,SQUID_INK,SEASHELLS,1844.0,4
7477,400900,Charlie,Penelope,SQUID_INK,SEASHELLS,1845.0,7
7481,401100,Charlie,Paris,SQUID_INK,SEASHELLS,1844.0,1
7484,401300,Charlie,Caesar,SQUID_INK,SEASHELLS,1844.0,2
7506,401700,Charlie,Paris,SQUID_INK,SEASHELLS,1842.0,1
7511,402000,Pablo,Camilla,SQUID_INK,SEASHELLS,1843.0,3
7518,402100,Penelope,Charlie,SQUID_INK,SEASHELLS,1845.0,12
7533,402500,Paris,Charlie,SQUID_INK,SEASHELLS,1844.0,1
7539,403400,Charlie,Pablo,SQUID_INK,SEASHELLS,1837.0,3
7546,403600,Pablo,Paris,SQUID_INK,SEASHELLS,1839.0,1
7547,403600,Pablo,Camilla,SQUID_INK,SEASHELLS,1839.0,3
7550,403700,Charlie,Paris,SQUID_INK,SEASHELLS,1837.0,1
7560,404200,Charlie,Paris,SQUID_INK,SEASHELLS,1838.0,1
7561,404200,Charlie,Paris,SQUID_INK,SEASHELLS,1838.0,2
7574,404600,Paris,Camilla,SQUID_INK,SEASHELLS,1844.0,2
7577,404800,Charlie,Paris,SQUID_INK,SEASHELLS,1844.0,1
7583,404900,Charlie,Caesar,SQUID_INK,SEASHELLS,1843.0,5
7585,405100,Paris,Camilla,SQUID_INK,SEASHELLS,1844.0,1
7598,406100,Charlie,Gina,SQUID_INK,SEASHELLS,1839.0,7
7607,406700,Charlie,Penelope,SQUID_INK,SEASHELLS,1842.0,7
7615,407200,Charlie,Paris,SQUID_INK,SEASHELLS,1843.0,1
7622,407700,Paris,Camilla,SQUID_INK,SEASHELLS,1847.0,1
7624,407900,Gary,Charlie,SQUID_INK,SEASHELLS,1849.0,13
7626,408200,Charlie,Pablo,SQUID_INK,SEASHELLS,1847.0,5
7631,408300,Paris,Camilla,SQUID_INK,SEASHELLS,1848.0,1
7632,408300,Paris,Camilla,SQUID_INK,SEASHELLS,1848.0,1
7639,408900,Caesar,Paris,SQUID_INK,SEASHELLS,1847.0,1
7642,409100,Paris,Paris,SQUID_INK,SEASHELLS,1848.0,1
7646,409300,Paris,Charlie,SQUID_INK,SEASHELLS,1848.0,1
7647,409300,Paris,Charlie,SQUID_INK,SEASHELLS,1847.0,1
7649,409400,Charlie,Pablo,SQUID_INK,SEASHELLS,1844.0,4
7652,409700,Penelope,Charlie,SQUID_INK,SEASHELLS,1851.0,15
7655,409900,Charlie,Paris,SQUID_INK,SEASHELLS,1847.0,1
7656,410100,Charlie,Caesar,SQUID_INK,SEASHELLS,1849.0,4
7666,410600,Pablo,Camilla,SQUID_INK,SEASHELLS,1847.0,1
7671,410700,Penelope,Charlie,SQUID_INK,SEASHELLS,1846.0,10
7674,410800,Paris,Charlie,SQUID_INK,SEASHELLS,1847.0,1
7683,411200,Charlie,Paris,SQUID_INK,SEASHELLS,1844.0,1
7684,411200,Charlie,Paris,SQUID_INK,SEASHELLS,1844.0,2
7688,411300,Paris,Gina,SQUID_INK,SEASHELLS,1847.0,1
7689,411300,Charlie,Gina,SQUID_INK,SEASHELLS,1845.0,6
7695,411700,Pablo,Charlie,SQUID_INK,SEASHELLS,1848.0,5
7700,411900,Paris,Charlie,SQUID_INK,SEASHELLS,1848.0,1
7703,412000,Charlie,Paris,SQUID_INK,SEASHELLS,1845.0,1
7711,412500,Charlie,Paris,SQUID_INK,SEASHELLS,1845.0,1
7718,413000,Camilla,Paris,SQUID_INK,SEASHELLS,1843.0,1
7723,413200,Gary,Charlie,SQUID_INK,SEASHELLS,1849.0,13
7726,413600,Charlie,Paris,SQUID_INK,SEASHELLS,1847.0,1
7736,414100,Charlie,Paris,SQUID_INK,SEASHELLS,1846.0,1
7737,414100,Paris,Camilla,SQUID_INK,SEASHELLS,1847.0,1
7758,414800,Paris,Charlie,SQUID_INK,SEASHELLS,1850.0,2
7765,415600,Paris,Charlie,SQUID_INK,SEASHELLS,1850.0,1
7780,416200,Penelope,Charlie,SQUID_INK,SEASHELLS,1854.0,15
7791,416800,Charlie,Paris,SQUID_INK,SEASHELLS,1852.0,1
7794,417200,Paris,Paris,SQUID_INK,SEASHELLS,1855.0,1
7796,417300,Penelope,Charlie,SQUID_INK,SEASHELLS,1856.0,6
7803,417600,Charlie,Paris,SQUID_INK,SEASHELLS,1855.0,2
7810,418200,Penelope,Charlie,SQUID_INK,SEASHELLS,1856.0,11
7817,418900,Camilla,Paris,SQUID_INK,SEASHELLS,1851.0,2
7821,419200,Charlie,Paris,SQUID_INK,SEASHELLS,1855.0,1
7822,419200,Charlie,Gina,SQUID_INK,SEASHELLS,1855.0,10
7824,419300,Caesar,Gary,SQUID_INK,SEASHELLS,1857.0,2
7826,419500,Paris,Charlie,SQUID_INK,SEASHELLS,1858.0,1
7835,419600,Paris,Caesar,SQUID_INK,SEASHELLS,1859.0,1
7839,419900,Camilla,Gary,SQUID_INK,SEASHELLS,1862.0,8
7840,419900,Caesar,Gary,SQUID_INK,SEASHELLS,1862.0,2
7841,419900,Charlie,Gary,SQUID_INK,SEASHELLS,1862.0,2
7848,420500,Paris,Pablo,SQUID_INK,SEASHELLS,1862.0,1
7849,420500,Caesar,Pablo,SQUID_INK,SEASHELLS,1862.0,2
7850,420500,Charlie,Pablo,SQUID_INK,SEASHELLS,1862.0,1
7852,420600,Pablo,Charlie,SQUID_INK,SEASHELLS,1863.0,5
7865,421600,Camilla,Paris,SQUID_INK,SEASHELLS,1864.0,1
7887,422700,Camilla,Paris,SQUID_INK,SEASHELLS,1859.0,1
7895,423200,Camilla,Paris,SQUID_INK,SEASHELLS,1863.0,1
7901,423900,Camilla,Paris,SQUID_INK,SEASHELLS,1861.0,1
7903,424000,Paris,Charlie,SQUID_INK,SEASHELLS,1863.0,2
7914,424700,Camilla,Paris,SQUID_INK,SEASHELLS,1858.0,1
7918,425100,Paris,Charlie,SQUID_INK,SEASHELLS,1859.0,1
7922,425300,Charlie,Gary,SQUID_INK,SEASHELLS,1857.0,9
7929,425500,Paris,Charlie,SQUID_INK,SEASHELLS,1859.0,1
7936,426000,Camilla,Penelope,SQUID_INK,SEASHELLS,1854.0,2
7937,426000,Charlie,Penelope,SQUID_INK,SEASHELLS,1854.0,13
7943,426400,Paris,Charlie,SQUID_INK,SEASHELLS,1854.0,1
7952,426600,Caesar,Paris,SQUID_INK,SEASHELLS,1852.0,1
7953,426600,Caesar,Gina,SQUID_INK,SEASHELLS,1852.0,3
7954,426600,Camilla,Paris,SQUID_INK,SEASHELLS,1852.0,0
7955,426600,Camilla,Gina,SQUID_INK,SEASHELLS,1852.0,4
7956,426600,Charlie,Paris,SQUID_INK,SEASHELLS,1852.0,0
7957,426600,Charlie,Gina,SQUID_INK,SEASHELLS,1852.0,2
7958,426600,Charlie,Paris,SQUID_INK,SEASHELLS,1852.0,2
7971,427000,Paris,Camilla,SQUID_INK,SEASHELLS,1854.0,1
7975,427200,Caesar,Pablo,SQUID_INK,SEASHELLS,1855.0,3
7983,427700,Charlie,Paris,SQUID_INK,SEASHELLS,1855.0,1
7998,428600,Charlie,Paris,SQUID_INK,SEASHELLS,1854.0,1
8009,429000,Charlie,Paris,SQUID_INK,SEASHELLS,1854.0,1
8019,429700,Gina,Charlie,SQUID_INK,SEASHELLS,1852.0,7
8024,429900,Charlie,Paris,SQUID_INK,SEASHELLS,1851.0,1
8028,430000,Charlie,Paris,SQUID_INK,SEASHELLS,1849.0,1
8031,430200,Charlie,Paris,SQUID_INK,SEASHELLS,1848.0,1
8035,431000,Paris,Charlie,SQUID_INK,SEASHELLS,1854.0,1
8036,431100,Paris,Charlie,SQUID_INK,SEASHELLS,1855.0,1
8048,431800,Paris,Camilla,SQUID_INK,SEASHELLS,1857.0,1
8061,432800,Charlie,Paris,SQUID_INK,SEASHELLS,1856.0,1
8062,432800,Charlie,Paris,SQUID_INK,SEASHELLS,1856.0,2
8072,433400,Paris,Charlie,SQUID_INK,SEASHELLS,1859.0,1
8079,434000,Charlie,Caesar,SQUID_INK,SEASHELLS,1857.0,5
8083,434200,Camilla,Caesar,SQUID_INK,SEASHELLS,1857.0,5
8094,434900,Paris,Charlie,SQUID_INK,SEASHELLS,1861.0,2
8105,435600,Charlie,Gina,SQUID_INK,SEASHELLS,1861.0,9
8106,435600,Charlie,Penelope,SQUID_INK,SEASHELLS,1861.0,9
8114,435700,Pablo,Camilla,SQUID_INK,SEASHELLS,1865.0,3
8115,435700,Penelope,Charlie,SQUID_INK,SEASHELLS,1867.0,8
8123,435900,Charlie,Paris,SQUID_INK,SEASHELLS,1863.0,1
8130,436300,Charlie,Paris,SQUID_INK,SEASHELLS,1863.0,1
8134,436500,Paris,Charlie,SQUID_INK,SEASHELLS,1865.0,1
8150,436800,Charlie,Penelope,SQUID_INK,SEASHELLS,1861.0,13
8153,436900,Paris,Paris,SQUID_INK,SEASHELLS,1865.0,1
8161,437800,Charlie,Pablo,SQUID_INK,SEASHELLS,1867.0,2
8163,437900,Charlie,Paris,SQUID_INK,SEASHELLS,1866.0,1
8166,438000,Paris,Camilla,SQUID_INK,SEASHELLS,1868.0,1
8169,438100,Paris,Charlie,SQUID_INK,SEASHELLS,1870.0,1
8173,438300,Charlie,Paris,SQUID_INK,SEASHELLS,1866.0,1
8176,438400,Caesar,Paris,SQUID_INK,SEASHELLS,1867.0,1
8178,438600,Charlie,Paris,SQUID_INK,SEASHELLS,1867.0,1
8182,438700,Paris,Charlie,SQUID_INK,SEASHELLS,1871.0,2
8189,439100,Gary,Charlie,SQUID_INK,SEASHELLS,1869.0,15
8204,440200,Paris,Caesar,SQUID_INK,SEASHELLS,1869.0,1
8214,440600,Camilla,Paris,SQUID_INK,SEASHELLS,1868.0,1
8215,440600,Paris,Charlie,SQUID_INK,SEASHELLS,1871.0,1
8217,440800,Paris,Charlie,SQUID_INK,SEASHELLS,1873.0,2
8221,441300,Paris,Charlie,SQUID_INK,SEASHELLS,1875.0,2
8225,441600,Charlie,Paris,SQUID_INK,SEASHELLS,1871.0,1
8263,443000,Paris,Charlie,SQUID_INK,SEASHELLS,1875.0,2
8266,443200,Camilla,Penelope,SQUID_INK,SEASHELLS,1874.0,5
8267,443200,Charlie,Penelope,SQUID_INK,SEASHELLS,1874.0,3
8275,443500,Paris,Charlie,SQUID_INK,SEASHELLS,1878.0,1
8288,444100,Charlie,Paris,SQUID_INK,SEASHELLS,1876.0,2
8310,444800,Paris,Charlie,SQUID_INK,SEASHELLS,1879.0,1
8323,445200,Paris,Charlie,SQUID_INK,SEASHELLS,1879.0,1
8326,445300,Paris,Charlie,SQUID_INK,SEASHELLS,1878.0,1
8327,445500,Paris,Charlie,SQUID_INK,SEASHELLS,1876.0,1
8337,445700,Paris,Pablo,SQUID_INK,SEASHELLS,1874.0,1
8338,445700,Penelope,Pablo,SQUID_INK,SEASHELLS,1874.0,4
8341,446000,Penelope,Charlie,SQUID_INK,SEASHELLS,1877.0,7
8352,447000,Charlie,Penelope,SQUID_INK,SEASHELLS,1872.0,11
8355,447100,Caesar,Gina,SQUID_INK,SEASHELLS,1873.0,5
8359,447500,Camilla,Paris,SQUID_INK,SEASHELLS,1873.0,1
8362,447600,Gary,Charlie,SQUID_INK,SEASHELLS,1876.0,9
8368,448300,Paris,Charlie,SQUID_INK,SEASHELLS,1877.0,1
8376,448500,Charlie,Gina,SQUID_INK,SEASHELLS,1874.0,7
8429,450500,Paris,Caesar,SQUID_INK,SEASHELLS,1871.0,1
8431,450700,Pablo,Charlie,SQUID_INK,SEASHELLS,1873.0,2
8436,450900,Camilla,Paris,SQUID_INK,SEASHELLS,1871.0,2
8440,451000,Gary,Camilla,SQUID_INK,SEASHELLS,1874.0,2
8441,451000,Penelope,Charlie,SQUID_INK,SEASHELLS,1875.0,15
8444,451600,Penelope,Camilla,SQUID_INK,SEASHELLS,1877.0,2
8446,451700,Paris,Charlie,SQUID_INK,SEASHELLS,1878.0,2
8451,451800,Charlie,Paris,SQUID_INK,SEASHELLS,1875.0,1
8461,452100,Charlie,Paris,SQUID_INK,SEASHELLS,1874.0,1
8463,452300,Charlie,Paris,SQUID_INK,SEASHELLS,1875.0,1
8466,452500,Paris,Pablo,SQUID_INK,SEASHELLS,1876.0,1
8467,452500,Charlie,Pablo,SQUID_INK,SEASHELLS,1876.0,3
8498,454700,Paris,Camilla,SQUID_INK,SEASHELLS,1876.0,1
8504,455600,Caesar,Paris,SQUID_INK,SEASHELLS,1876.0,1
8511,456200,Paris,Camilla,SQUID_INK,SEASHELLS,1878.0,1
8513,456300,Caesar,Paris,SQUID_INK,SEASHELLS,1877.0,1
8525,456400,Paris,Camilla,SQUID_INK,SEASHELLS,1880.0,1
8535,457000,Charlie,Paris,SQUID_INK,SEASHELLS,1877.0,1
8537,457100,Penelope,Charlie,SQUID_INK,SEASHELLS,1878.0,14
8540,457400,Paris,Pablo,SQUID_INK,SEASHELLS,1878.0,1
8541,457400,Caesar,Pablo,SQUID_INK,SEASHELLS,1878.0,2
8546,457600,Penelope,Charlie,SQUID_INK,SEASHELLS,1881.0,12
8559,458200,Caesar,Paris,SQUID_INK,SEASHELLS,1881.0,1
8561,458300,Charlie,Gary,SQUID_INK,SEASHELLS,1881.0,9
8578,458700,Penelope,Charlie,SQUID_INK,SEASHELLS,1885.0,11
8579,458700,Camilla,Paris,SQUID_INK,SEASHELLS,1882.0,1
8581,458800,Camilla,Paris,SQUID_INK,SEASHELLS,1882.0,1
8590,459200,Charlie,Paris,SQUID_INK,SEASHELLS,1884.0,1
8593,459500,Charlie,Paris,SQUID_INK,SEASHELLS,1886.0,1
8599,459800,Charlie,Paris,SQUID_INK,SEASHELLS,1886.0,1
8607,460600,Paris,Charlie,SQUID_INK,SEASHELLS,1885.0,1
8612,460900,Paris,Caesar,SQUID_INK,SEASHELLS,1881.0,1
8613,460900,Charlie,Paris,SQUID_INK,SEASHELLS,1879.0,1
8617,461000,Paris,Caesar,SQUID_INK,SEASHELLS,1883.0,1
8620,461300,Paris,Charlie,SQUID_INK,SEASHELLS,1885.0,1
8622,461400,Gary,Charlie,SQUID_INK,SEASHELLS,1887.0,12
8627,461500,Caesar,Paris,SQUID_INK,SEASHELLS,1885.0,1
8638,462000,Paris,Charlie,SQUID_INK,SEASHELLS,1889.0,1
8651,463300,Charlie,Paris,SQUID_INK,SEASHELLS,1889.0,1
8652,463300,Charlie,Penelope,SQUID_INK,SEASHELLS,1889.0,12
8659,463600,Charlie,Pablo,SQUID_INK,SEASHELLS,1890.0,5
8662,463700,Camilla,Paris,SQUID_INK,SEASHELLS,1890.0,1
8673,464000,Camilla,Paris,SQUID_INK,SEASHELLS,1890.0,1
8676,464200,Charlie,Caesar,SQUID_INK,SEASHELLS,1890.0,5
8678,464300,Charlie,Paris,SQUID_INK,SEASHELLS,1889.0,2
8680,464500,Paris,Charlie,SQUID_INK,SEASHELLS,1892.0,2
8687,465100,Penelope,Charlie,SQUID_INK,SEASHELLS,1891.0,11
8696,465700,Paris,Charlie,SQUID_INK,SEASHELLS,1894.0,1
8700,465900,Charlie,Gina,SQUID_INK,SEASHELLS,1893.0,9
8701,465900,Charlie,Camilla,SQUID_INK,SEASHELLS,1894.0,1
8703,466000,Pablo,Charlie,SQUID_INK,SEASHELLS,1894.0,2
8707,466500,Charlie,Paris,SQUID_INK,SEASHELLS,1891.0,1
8717,467000,Charlie,Paris,SQUID_INK,SEASHELLS,1892.0,1
8720,467100,Paris,Caesar,SQUID_INK,SEASHELLS,1894.0,1
8746,468000,Paris,Charlie,SQUID_INK,SEASHELLS,1893.0,1
8758,468200,Paris,Charlie,SQUID_INK,SEASHELLS,1891.0,1
8766,468700,Camilla,Paris,SQUID_INK,SEASHELLS,1887.0,1
8768,468800,Camilla,Paris,SQUID_INK,SEASHELLS,1886.0,1
8774,469300,Camilla,Paris,SQUID_INK,SEASHELLS,1889.0,1
8780,469600,Charlie,Paris,SQUID_INK,SEASHELLS,1887.0,1
8802,470600,Paris,Charlie,SQUID_INK,SEASHELLS,1888.0,2
8804,470700,Paris,Camilla,SQUID_INK,SEASHELLS,1887.0,1
8813,470800,Penelope,Charlie,SQUID_INK,SEASHELLS,1888.0,9
8814,470800,Paris,Charlie,SQUID_INK,SEASHELLS,1887.0,1
8823,471200,Charlie,Paris,SQUID_INK,SEASHELLS,1885.0,1
8829,471500,Penelope,Charlie,SQUID_INK,SEASHELLS,1889.0,9
8832,471600,Pablo,Charlie,SQUID_INK,SEASHELLS,1887.0,2
8833,471600,Paris,Charlie,SQUID_INK,SEASHELLS,1887.0,1
8836,471900,Charlie,Paris,SQUID_INK,SEASHELLS,1886.0,1
8845,472400,Caesar,Penelope,SQUID_INK,SEASHELLS,1882.0,1
8846,472400,Charlie,Penelope,SQUID_INK,SEASHELLS,1882.0,13
8849,472500,Charlie,Penelope,SQUID_INK,SEASHELLS,1879.0,15
8852,472600,Charlie,Gina,SQUID_INK,SEASHELLS,1876.0,8
8855,472800,Paris,Charlie,SQUID_INK,SEASHELLS,1880.0,2
8858,473100,Camilla,Paris,SQUID_INK,SEASHELLS,1873.0,1
8859,473100,Charlie,Paris,SQUID_INK,SEASHELLS,1872.0,2
8871,473700,Charlie,Caesar,SQUID_INK,SEASHELLS,1870.0,6
8873,473800,Paris,Charlie,SQUID_INK,SEASHELLS,1871.0,1
8880,473900,Paris,Charlie,SQUID_INK,SEASHELLS,1868.0,1
8887,474500,Pablo,Camilla,SQUID_INK,SEASHELLS,1869.0,2
8897,474900,Paris,Caesar,SQUID_INK,SEASHELLS,1873.0,1
8898,474900,Charlie,Caesar,SQUID_INK,SEASHELLS,1872.0,2
8906,475100,Charlie,Paris,SQUID_INK,SEASHELLS,1869.0,1
8909,475300,Charlie,Pablo,SQUID_INK,SEASHELLS,1870.0,5
8913,475400,Charlie,Gary,SQUID_INK,SEASHELLS,1869.0,12
8922,476100,Paris,Camilla,SQUID_INK,SEASHELLS,1873.0,1
8926,476300,Paris,Charlie,SQUID_INK,SEASHELLS,1873.0,1
8936,476900,Paris,Charlie,SQUID_INK,SEASHELLS,1868.0,1
8956,477500,Charlie,Caesar,SQUID_INK,SEASHELLS,1869.0,4
8971,478000,Caesar,Paris,SQUID_INK,SEASHELLS,1863.0,1
8974,478100,Camilla,Paris,SQUID_INK,SEASHELLS,1864.0,2
8980,478400,Charlie,Camilla,SQUID_INK,SEASHELLS,1865.0,1
8988,478800,Charlie,Pablo,SQUID_INK,SEASHELLS,1862.0,3
9005,479300,Camilla,Paris,SQUID_INK,SEASHELLS,1862.0,2
9011,479700,Camilla,Pablo,SQUID_INK,SEASHELLS,1861.0,2
9012,479700,Charlie,Pablo,SQUID_INK,SEASHELLS,1861.0,2
9042,481000,Charlie,Paris,SQUID_INK,SEASHELLS,1854.0,1
9044,481300,Charlie,Pablo,SQUID_INK,SEASHELLS,1855.0,3
9046,481600,Charlie,Paris,SQUID_INK,SEASHELLS,1856.0,1
9050,481800,Charlie,Paris,SQUID_INK,SEASHELLS,1856.0,1
9051,481800,Charlie,Paris,SQUID_INK,SEASHELLS,1856.0,1
9061,482600,Charlie,Paris,SQUID_INK,SEASHELLS,1856.0,1
9062,482600,Penelope,Charlie,SQUID_INK,SEASHELLS,1859.0,8
9064,482700,Paris,Charlie,SQUID_INK,SEASHELLS,1859.0,1
9080,483000,Paris,Camilla,SQUID_INK,SEASHELLS,1859.0,1
9094,484200,Charlie,Paris,SQUID_INK,SEASHELLS,1850.0,1
9096,484300,Pablo,Camilla,SQUID_INK,SEASHELLS,1851.0,4
9098,484400,Paris,Charlie,SQUID_INK,SEASHELLS,1852.0,1
9103,484800,Charlie,Paris,SQUID_INK,SEASHELLS,1851.0,1
9106,484900,Charlie,Gina,SQUID_INK,SEASHELLS,1851.0,9
9110,485300,Paris,Pablo,SQUID_INK,SEASHELLS,1851.0,1
9123,485500,Paris,Charlie,SQUID_INK,SEASHELLS,1851.0,1
9125,485700,Paris,Charlie,SQUID_INK,SEASHELLS,1851.0,2
9128,486000,Paris,Charlie,SQUID_INK,SEASHELLS,1848.0,1
9139,486300,Paris,Charlie,SQUID_INK,SEASHELLS,1846.0,2
9143,486400,Camilla,Paris,SQUID_INK,SEASHELLS,1842.0,1
9144,486400,Paris,Charlie,SQUID_INK,SEASHELLS,1845.0,1
9158,487700,Charlie,Paris,SQUID_INK,SEASHELLS,1842.0,1
9202,491100,Charlie,Paris,SQUID_INK,SEASHELLS,1820.0,1
9204,491200,Pablo,Caesar,SQUID_INK,SEASHELLS,1820.0,4
9209,491400,Charlie,Paris,SQUID_INK,SEASHELLS,1818.0,1
9216,491900,Charlie,Paris,SQUID_INK,SEASHELLS,1810.0,1
9233,492500,Charlie,Gina,SQUID_INK,SEASHELLS,1802.0,7
9245,493100,Gary,Charlie,SQUID_INK,SEASHELLS,1814.0,10
9247,493200,Caesar,Paris,SQUID_INK,SEASHELLS,1813.0,1
9251,493400,Paris,Charlie,SQUID_INK,SEASHELLS,1816.0,1
9258,493900,Paris,Camilla,SQUID_INK,SEASHELLS,1809.0,2
9264,494000,Penelope,Caesar,SQUID_INK,SEASHELLS,1809.0,1
9265,494000,Penelope,Charlie,SQUID_INK,SEASHELLS,1809.0,8
9267,494100,Camilla,Paris,SQUID_INK,SEASHELLS,1809.0,1
9271,494300,Charlie,Caesar,SQUID_INK,SEASHELLS,1813.0,5
9286,495000,Paris,Charlie,SQUID_INK,SEASHELLS,1816.0,1
9288,495100,Camilla,Paris,SQUID_INK,SEASHELLS,1813.0,1
9291,495200,Camilla,Paris,SQUID_INK,SEASHELLS,1812.0,2
9306,496000,Paris,Charlie,SQUID_INK,SEASHELLS,1811.0,1
9310,496100,Paris,Charlie,SQUID_INK,SEASHELLS,1812.0,2
9320,496300,Pablo,Charlie,SQUID_INK,SEASHELLS,1814.0,4
9327,496700,Paris,Charlie,SQUID_INK,SEASHELLS,1814.0,1
9330,496900,Gary,Camilla,SQUID_INK,SEASHELLS,1815.0,8
9346,497600,Caesar,Penelope,SQUID_INK,SEASHELLS,1816.0,6
9348,497800,Charlie,Camilla,SQUID_INK,SEASHELLS,1818.0,2
9350,497900,Paris,Charlie,SQUID_INK,SEASHELLS,1822.0,1
9359,498100,Charlie,Penelope,SQUID_INK,SEASHELLS,1819.0,14
9360,498100,Paris,Charlie,SQUID_INK,SEASHELLS,1822.0,2
9362,498200,Charlie,Paris,SQUID_INK,SEASHELLS,1820.0,1
9366,498400,Paris,Charlie,SQUID_INK,SEASHELLS,1822.0,1
9368,498600,Paris,Charlie,SQUID_INK,SEASHELLS,1821.0,1
9376,498800,Paris,Charlie,SQUID_INK,SEASHELLS,1823.0,1
9381,499600,Paris,Charlie,SQUID_INK,SEASHELLS,1819.0,1
9390,500400,Penelope,Paris,SQUID_INK,SEASHELLS,1816.0,1
9408,501000,Charlie,Paris,SQUID_INK,SEASHELLS,1818.0,1
9409,501100,Paris,Charlie,SQUID_INK,SEASHELLS,1821.0,1
9412,501300,Paris,Charlie,SQUID_INK,SEASHELLS,1821.0,2
9417,501700,Charlie,Paris,SQUID_INK,SEASHELLS,1818.0,1
9420,501800,Paris,Charlie,SQUID_INK,SEASHELLS,1820.0,1
9426,502200,Paris,Charlie,SQUID_INK,SEASHELLS,1818.0,1
9441,502400,Charlie,Penelope,SQUID_INK,SEASHELLS,1817.0,9
9453,502700,Pablo,Charlie,SQUID_INK,SEASHELLS,1819.0,2
9456,502900,Gary,Charlie,SQUID_INK,SEASHELLS,1821.0,11
9458,503000,Charlie,Paris,SQUID_INK,SEASHELLS,1819.0,1
9463,503600,Paris,Charlie,SQUID_INK,SEASHELLS,1819.0,2
9465,503700,Camilla,Caesar,SQUID_INK,SEASHELLS,1817.0,3
9470,504000,Charlie,Gary,SQUID_INK,SEASHELLS,1815.0,15
9481,504400,Gary,Charlie,SQUID_INK,SEASHELLS,1819.0,15
9496,505500,Camilla,Paris,SQUID_INK,SEASHELLS,1809.0,1
9504,505900,Gary,Charlie,SQUID_INK,SEASHELLS,1813.0,15
9513,506100,Gary,Camilla,SQUID_INK,SEASHELLS,1812.0,8
9515,506200,Charlie,Paris,SQUID_INK,SEASHELLS,1812.0,1
9517,506300,Charlie,Paris,SQUID_INK,SEASHELLS,1812.0,1
9519,506500,Charlie,Paris,SQUID_INK,SEASHELLS,1809.0,1
9523,506600,Gina,Pablo,SQUID_INK,SEASHELLS,1809.0,2
9524,506600,Gina,Paris,SQUID_INK,SEASHELLS,1809.0,1
9529,507200,Charlie,Gina,SQUID_INK,SEASHELLS,1811.0,7
9531,507500,Charlie,Paris,SQUID_INK,SEASHELLS,1806.0,2
9533,507600,Charlie,Pablo,SQUID_INK,SEASHELLS,1806.0,3
9538,508100,Paris,Charlie,SQUID_INK,SEASHELLS,1807.0,1
9546,508200,Paris,Charlie,SQUID_INK,SEASHELLS,1805.0,1
9549,508400,Charlie,Paris,SQUID_INK,SEASHELLS,1804.0,1
9552,508600,Charlie,Paris,SQUID_INK,SEASHELLS,1803.0,1
9561,509300,Camilla,Pablo,SQUID_INK,SEASHELLS,1795.0,3
9562,509300,Charlie,Pablo,SQUID_INK,SEASHELLS,1795.0,1
9565,509500,Paris,Pablo,SQUID_INK,SEASHELLS,1793.0,1
9566,509500,Charlie,Pablo,SQUID_INK,SEASHELLS,1793.0,1
9578,510100,Charlie,Caesar,SQUID_INK,SEASHELLS,1789.0,6
9579,510200,Paris,Charlie,SQUID_INK,SEASHELLS,1788.0,1
9582,510400,Paris,Camilla,SQUID_INK,SEASHELLS,1786.0,1
9585,510600,Paris,Camilla,SQUID_INK,SEASHELLS,1790.0,1
9589,510900,Paris,Pablo,SQUID_INK,SEASHELLS,1782.0,1
9591,511000,Caesar,Paris,SQUID_INK,SEASHELLS,1782.0,1
9593,511100,Charlie,Paris,SQUID_INK,SEASHELLS,1777.0,1
9600,511400,Paris,Charlie,SQUID_INK,SEASHELLS,1778.0,1
9614,512300,Penelope,Charlie,SQUID_INK,SEASHELLS,1780.0,4
9630,513300,Charlie,Paris,SQUID_INK,SEASHELLS,1780.0,1
9635,513700,Paris,Charlie,SQUID_INK,SEASHELLS,1783.0,1
9637,513900,Gary,Camilla,SQUID_INK,SEASHELLS,1782.0,6
9642,514100,Camilla,Paris,SQUID_INK,SEASHELLS,1782.0,1
9645,514300,Camilla,Paris,SQUID_INK,SEASHELLS,1784.0,1
9647,514500,Camilla,Caesar,SQUID_INK,SEASHELLS,1781.0,3
9649,514600,Paris,Camilla,SQUID_INK,SEASHELLS,1782.0,1
9664,515400,Charlie,Paris,SQUID_INK,SEASHELLS,1777.0,1
9668,515800,Caesar,Paris,SQUID_INK,SEASHELLS,1774.0,1
9671,516100,Camilla,Pablo,SQUID_INK,SEASHELLS,1776.0,1
9672,516100,Charlie,Pablo,SQUID_INK,SEASHELLS,1776.0,4
9680,516600,Paris,Charlie,SQUID_INK,SEASHELLS,1776.0,1
9683,516700,Paris,Camilla,SQUID_INK,SEASHELLS,1776.0,1
9688,517100,Paris,Charlie,SQUID_INK,SEASHELLS,1778.0,1
9693,517400,Caesar,Gina,SQUID_INK,SEASHELLS,1772.0,1
9703,518100,Paris,Charlie,SQUID_INK,SEASHELLS,1775.0,1
9704,518100,Paris,Charlie,SQUID_INK,SEASHELLS,1774.0,1
9707,518200,Charlie,Gary,SQUID_INK,SEASHELLS,1773.0,8
9709,518300,Caesar,Paris,SQUID_INK,SEASHELLS,1774.0,1
9718,519200,Paris,Charlie,SQUID_INK,SEASHELLS,1777.0,2
9731,519600,Charlie,Gary,SQUID_INK,SEASHELLS,1775.0,11
9736,519800,Caesar,Penelope,SQUID_INK,SEASHELLS,1776.0,1
9737,519800,Charlie,Penelope,SQUID_INK,SEASHELLS,1776.0,6
9741,520000,Penelope,Charlie,SQUID_INK,SEASHELLS,1776.0,13
9745,520300,Camilla,Paris,SQUID_INK,SEASHELLS,1779.0,2
9747,520500,Charlie,Paris,SQUID_INK,SEASHELLS,1776.0,1
9749,520800,Paris,Charlie,SQUID_INK,SEASHELLS,1781.0,1
9754,520900,Charlie,Paris,SQUID_INK,SEASHELLS,1778.0,1
9757,521000,Paris,Camilla,SQUID_INK,SEASHELLS,1780.0,1
9760,521200,Paris,Camilla,SQUID_INK,SEASHELLS,1780.0,1
9768,521400,Paris,Charlie,SQUID_INK,SEASHELLS,1780.0,1
9773,521700,Pablo,Charlie,SQUID_INK,SEASHELLS,1779.0,5
9777,521900,Penelope,Camilla,SQUID_INK,SEASHELLS,1779.0,7
9782,522500,Caesar,Paris,SQUID_INK,SEASHELLS,1778.0,1
9785,522700,Paris,Gary,SQUID_INK,SEASHELLS,1780.0,1
9789,523000,Caesar,Paris,SQUID_INK,SEASHELLS,1777.0,1
9790,523000,Caesar,Paris,SQUID_INK,SEASHELLS,1777.0,1
9795,523100,Charlie,Paris,SQUID_INK,SEASHELLS,1779.0,1
9796,523100,Paris,Charlie,SQUID_INK,SEASHELLS,1782.0,2
9804,523300,Paris,Charlie,SQUID_INK,SEASHELLS,1782.0,1
9820,524200,Penelope,Charlie,SQUID_INK,SEASHELLS,1782.0,13
9825,524500,Charlie,Paris,SQUID_INK,SEASHELLS,1782.0,1
9829,524700,Charlie,Camilla,SQUID_INK,SEASHELLS,1784.0,2
9849,526500,Paris,Camilla,SQUID_INK,SEASHELLS,1784.0,2
9854,526800,Paris,Camilla,SQUID_INK,SEASHELLS,1786.0,1
9868,527700,Paris,Charlie,SQUID_INK,SEASHELLS,1787.0,1
9873,528000,Paris,Caesar,SQUID_INK,SEASHELLS,1786.0,1
9874,528000,Charlie,Paris,SQUID_INK,SEASHELLS,1784.0,2
9880,528600,Charlie,Paris,SQUID_INK,SEASHELLS,1787.0,1
9885,529000,Paris,Charlie,SQUID_INK,SEASHELLS,1789.0,1
9903,529900,Charlie,Paris,SQUID_INK,SEASHELLS,1788.0,1
9906,530000,Charlie,Paris,SQUID_INK,SEASHELLS,1789.0,1
9913,530600,Charlie,Paris,SQUID_INK,SEASHELLS,1794.0,1
9917,530800,Charlie,Paris,SQUID_INK,SEASHELLS,1793.0,1
9918,531000,Charlie,Camilla,SQUID_INK,SEASHELLS,1795.0,3
9921,531100,Charlie,Paris,SQUID_INK,SEASHELLS,1792.0,1
9930,531900,Paris,Camilla,SQUID_INK,SEASHELLS,1793.0,1
9943,532300,Paris,Charlie,SQUID_INK,SEASHELLS,1799.0,2
9946,532500,Charlie,Paris,SQUID_INK,SEASHELLS,1797.0,1
9947,532500,Charlie,Camilla,SQUID_INK,SEASHELLS,1798.0,1
9948,532700,Caesar,Paris,SQUID_INK,SEASHELLS,1794.0,1
9950,532900,Charlie,Paris,SQUID_INK,SEASHELLS,1796.0,1
9957,533700,Paris,Charlie,SQUID_INK,SEASHELLS,1796.0,1
9965,534300,Paris,Caesar,SQUID_INK,SEASHELLS,1797.0,1
9966,534300,Charlie,Paris,SQUID_INK,SEASHELLS,1795.0,2
9971,534800,Charlie,Paris,SQUID_INK,SEASHELLS,1788.0,1
9975,535200,Gina,Paris,SQUID_INK,SEASHELLS,1793.0,1
9976,535200,Paris,Charlie,SQUID_INK,SEASHELLS,1796.0,2
9984,535600,Paris,Gary,SQUID_INK,SEASHELLS,1786.0,1
10001,536300,Camilla,Penelope,SQUID_INK,SEASHELLS,1778.0,8
10002,536300,Charlie,Penelope,SQUID_INK,SEASHELLS,1778.0,1
10006,536500,Charlie,Paris,SQUID_INK,SEASHELLS,1780.0,1
10010,537000,Charlie,Paris,SQUID_INK,SEASHELLS,1782.0,1
10011,537000,Charlie,Paris,SQUID_INK,SEASHELLS,1782.0,1
10016,537200,Caesar,Pablo,SQUID_INK,SEASHELLS,1780.0,2
10022,537300,Camilla,Penelope,SQUID_INK,SEASHELLS,1781.0,1
10023,537300,Charlie,Penelope,SQUID_INK,SEASHELLS,1781.0,12
10039,537500,Charlie,Paris,SQUID_INK,SEASHELLS,1783.0,2
10042,538000,Pablo,Penelope,SQUID_INK,SEASHELLS,1783.0,5
10044,538300,Paris,Charlie,SQUID_INK,SEASHELLS,1784.0,1
10046,538400,Gary,Charlie,SQUID_INK,SEASHELLS,1780.0,8
10066,539000,Charlie,Paris,SQUID_INK,SEASHELLS,1779.0,1
10074,539800,Charlie,Paris,SQUID_INK,SEASHELLS,1774.0,1
10077,539900,Camilla,Gina,SQUID_INK,SEASHELLS,1771.0,2
10078,539900,Charlie,Gina,SQUID_INK,SEASHELLS,1771.0,8
10081,540300,Paris,Camilla,SQUID_INK,SEASHELLS,1779.0,1
10099,541200,Gary,Caesar,SQUID_INK,SEASHELLS,1790.0,2
10107,541500,Charlie,Paris,SQUID_INK,SEASHELLS,1788.0,1
10127,542800,Charlie,Gary,SQUID_INK,SEASHELLS,1795.0,11
10131,543100,Paris,Charlie,SQUID_INK,SEASHELLS,1800.0,1
10134,543300,Charlie,Penelope,SQUID_INK,SEASHELLS,1799.0,15
10136,543500,Charlie,Pablo,SQUID_INK,SEASHELLS,1803.0,2
10149,544200,Charlie,Paris,SQUID_INK,SEASHELLS,1799.0,1
10158,544600,Charlie,Paris,SQUID_INK,SEASHELLS,1803.0,1
10162,544900,Paris,Charlie,SQUID_INK,SEASHELLS,1810.0,1
10166,545000,Gina,Camilla,SQUID_INK,SEASHELLS,1809.0,6
10167,545000,Gina,Charlie,SQUID_INK,SEASHELLS,1809.0,2
10170,545100,Paris,Camilla,SQUID_INK,SEASHELLS,1808.0,1
10174,545300,Paris,Camilla,SQUID_INK,SEASHELLS,1808.0,1
10177,545400,Charlie,Camilla,SQUID_INK,SEASHELLS,1807.0,4
10179,545500,Paris,Camilla,SQUID_INK,SEASHELLS,1808.0,2
10181,545700,Paris,Paris,SQUID_INK,SEASHELLS,1809.0,1
10187,546000,Camilla,Paris,SQUID_INK,SEASHELLS,1807.0,1
10193,546500,Charlie,Paris,SQUID_INK,SEASHELLS,1804.0,1
10196,546800,Charlie,Paris,SQUID_INK,SEASHELLS,1805.0,1
10202,547300,Charlie,Paris,SQUID_INK,SEASHELLS,1801.0,1
10205,547400,Charlie,Paris,SQUID_INK,SEASHELLS,1801.0,1
10206,547400,Penelope,Camilla,SQUID_INK,SEASHELLS,1803.0,8
10214,548100,Charlie,Paris,SQUID_INK,SEASHELLS,1801.0,1
10217,548200,Charlie,Paris,SQUID_INK,SEASHELLS,1802.0,2
10226,548500,Paris,Charlie,SQUID_INK,SEASHELLS,1806.0,1
10228,548600,Penelope,Charlie,SQUID_INK,SEASHELLS,1806.0,15
10232,548700,Charlie,Paris,SQUID_INK,SEASHELLS,1804.0,1
10236,549500,Charlie,Paris,SQUID_INK,SEASHELLS,1799.0,1
10237,549500,Charlie,Caesar,SQUID_INK,SEASHELLS,1800.0,2
10240,549800,Charlie,Paris,SQUID_INK,SEASHELLS,1802.0,2
10254,550900,Paris,Charlie,SQUID_INK,SEASHELLS,1808.0,2
10255,550900,Paris,Charlie,SQUID_INK,SEASHELLS,1807.0,1
10257,551200,Caesar,Penelope,SQUID_INK,SEASHELLS,1802.0,2
10258,551200,Charlie,Penelope,SQUID_INK,SEASHELLS,1802.0,13
10262,551300,Charlie,Paris,SQUID_INK,SEASHELLS,1803.0,1
10264,551500,Caesar,Paris,SQUID_INK,SEASHELLS,1802.0,1
10265,551500,Charlie,Paris,SQUID_INK,SEASHELLS,1802.0,1
10267,551600,Paris,Charlie,SQUID_INK,SEASHELLS,1806.0,2
10270,551800,Charlie,Paris,SQUID_INK,SEASHELLS,1801.0,2
10272,551900,Charlie,Paris,SQUID_INK,SEASHELLS,1800.0,1
10279,552100,Paris,Camilla,SQUID_INK,SEASHELLS,1801.0,1
10285,552600,Charlie,Paris,SQUID_INK,SEASHELLS,1801.0,1
10293,552800,Charlie,Paris,SQUID_INK,SEASHELLS,1805.0,1
10301,553300,Charlie,Paris,SQUID_INK,SEASHELLS,1810.0,1
10305,553500,Caesar,Camilla,SQUID_INK,SEASHELLS,1811.0,3
10309,553700,Paris,Charlie,SQUID_INK,SEASHELLS,1814.0,2
10313,554000,Paris,Camilla,SQUID_INK,SEASHELLS,1815.0,1
10324,554600,Paris,Charlie,SQUID_INK,SEASHELLS,1817.0,1
10328,554900,Pablo,Penelope,SQUID_INK,SEASHELLS,1816.0,4
10339,555900,Paris,Charlie,SQUID_INK,SEASHELLS,1823.0,2
10344,556100,Gina,Camilla,SQUID_INK,SEASHELLS,1821.0,7
10345,556100,Paris,Charlie,SQUID_INK,SEASHELLS,1823.0,2
10361,556800,Charlie,Pablo,SQUID_INK,SEASHELLS,1823.0,3
10362,556800,Charlie,Paris,SQUID_INK,SEASHELLS,1823.0,1
10365,556900,Pablo,Paris,SQUID_INK,SEASHELLS,1823.0,1
10383,557800,Charlie,Paris,SQUID_INK,SEASHELLS,1826.0,1
10389,558300,Paris,Camilla,SQUID_INK,SEASHELLS,1827.0,1
10397,558700,Caesar,Camilla,SQUID_INK,SEASHELLS,1830.0,5
10398,558700,Caesar,Paris,SQUID_INK,SEASHELLS,1829.0,1
10407,559200,Charlie,Caesar,SQUID_INK,SEASHELLS,1834.0,4
10418,560000,Charlie,Pablo,SQUID_INK,SEASHELLS,1833.0,2
10439,562400,Paris,Camilla,SQUID_INK,SEASHELLS,1835.0,1
10444,562700,Charlie,Paris,SQUID_INK,SEASHELLS,1837.0,1
10462,564200,Charlie,Paris,SQUID_INK,SEASHELLS,1842.0,1
10479,565000,Charlie,Paris,SQUID_INK,SEASHELLS,1847.0,2
10486,565200,Penelope,Charlie,SQUID_INK,SEASHELLS,1848.0,5
10497,565800,Charlie,Paris,SQUID_INK,SEASHELLS,1839.0,1
10498,565800,Penelope,Charlie,SQUID_INK,SEASHELLS,1842.0,5
10502,566100,Paris,Camilla,SQUID_INK,SEASHELLS,1843.0,1
10505,566300,Charlie,Caesar,SQUID_INK,SEASHELLS,1839.0,3
10508,566400,Charlie,Paris,SQUID_INK,SEASHELLS,1838.0,1
10511,566500,Camilla,Paris,SQUID_INK,SEASHELLS,1838.0,1
10512,566500,Paris,Charlie,SQUID_INK,SEASHELLS,1841.0,1
10516,566700,Charlie,Paris,SQUID_INK,SEASHELLS,1835.0,1
10526,567400,Charlie,Paris,SQUID_INK,SEASHELLS,1835.0,1
10527,567400,Charlie,Paris,SQUID_INK,SEASHELLS,1835.0,2
10533,567600,Charlie,Paris,SQUID_INK,SEASHELLS,1835.0,1
10548,568600,Camilla,Pablo,SQUID_INK,SEASHELLS,1849.0,3
10551,568700,Gary,Caesar,SQUID_INK,SEASHELLS,1851.0,2
10559,569300,Paris,Charlie,SQUID_INK,SEASHELLS,1860.0,1
10561,569600,Gary,Charlie,SQUID_INK,SEASHELLS,1869.0,10
10563,569800,Paris,Charlie,SQUID_INK,SEASHELLS,1880.0,1
10570,570500,Charlie,Paris,SQUID_INK,SEASHELLS,1868.0,1
10572,570600,Charlie,Paris,SQUID_INK,SEASHELLS,1863.0,1
10575,570700,Charlie,Paris,SQUID_INK,SEASHELLS,1862.0,1
10590,571600,Pablo,Charlie,SQUID_INK,SEASHELLS,1865.0,3
10593,571800,Paris,Charlie,SQUID_INK,SEASHELLS,1864.0,2
10603,572600,Caesar,Paris,SQUID_INK,SEASHELLS,1863.0,2
10612,573200,Gina,Paris,SQUID_INK,SEASHELLS,1852.0,1
10613,573200,Paris,Charlie,SQUID_INK,SEASHELLS,1855.0,1
10630,574500,Charlie,Paris,SQUID_INK,SEASHELLS,1851.0,1
10632,574600,Camilla,Paris,SQUID_INK,SEASHELLS,1852.0,1
10643,575700,Paris,Camilla,SQUID_INK,SEASHELLS,1864.0,1
10644,575700,Paris,Camilla,SQUID_INK,SEASHELLS,1864.0,2
10647,575800,Charlie,Paris,SQUID_INK,SEASHELLS,1863.0,1
10653,576300,Charlie,Paris,SQUID_INK,SEASHELLS,1870.0,1
10661,576600,Charlie,Paris,SQUID_INK,SEASHELLS,1866.0,1
10663,576700,Pablo,Charlie,SQUID_INK,SEASHELLS,1867.0,2
10667,576900,Camilla,Penelope,SQUID_INK,SEASHELLS,1865.0,5
10668,576900,Charlie,Penelope,SQUID_INK,SEASHELLS,1865.0,7
10690,577500,Gina,Camilla,SQUID_INK,SEASHELLS,1871.0,1
10705,578400,Charlie,Paris,SQUID_INK,SEASHELLS,1873.0,1
10708,578700,Charlie,Paris,SQUID_INK,SEASHELLS,1867.0,1
10710,579000,Camilla,Pablo,SQUID_INK,SEASHELLS,1866.0,4
10711,579000,Charlie,Pablo,SQUID_INK,SEASHELLS,1866.0,1
10715,579300,Charlie,Paris,SQUID_INK,SEASHELLS,1862.0,1
10717,579400,Paris,Charlie,SQUID_INK,SEASHELLS,1866.0,1
10730,579900,Charlie,Gary,SQUID_INK,SEASHELLS,1869.0,14
10731,579900,Charlie,Caesar,SQUID_INK,SEASHELLS,1870.0,4
10737,580200,Paris,Olivia,SQUID_INK,SEASHELLS,1926.0,1
10738,580200,Charlie,Olivia,SQUID_INK,SEASHELLS,1924.0,14
10743,580400,Penelope,Charlie,SQUID_INK,SEASHELLS,1887.0,10
10758,581000,Charlie,Paris,SQUID_INK,SEASHELLS,1901.0,1
10760,581200,Charlie,Paris,SQUID_INK,SEASHELLS,1892.0,1
10764,581700,Charlie,Paris,SQUID_INK,SEASHELLS,1909.0,1
10782,583000,Camilla,Paris,SQUID_INK,SEASHELLS,1900.0,1
10783,583000,Paris,Charlie,SQUID_INK,SEASHELLS,1903.0,2
10819,585400,Paris,Gary,SQUID_INK,SEASHELLS,1821.0,1
10823,585600,Paris,Charlie,SQUID_INK,SEASHELLS,1823.0,2
10835,585800,Camilla,Gary,SQUID_INK,SEASHELLS,1828.0,4
10836,585800,Charlie,Gary,SQUID_INK,SEASHELLS,1828.0,11
10837,585900,Charlie,Pablo,SQUID_INK,SEASHELLS,1825.0,2
10840,586000,Paris,Camilla,SQUID_INK,SEASHELLS,1830.0,1
10844,586600,Paris,Gina,SQUID_INK,SEASHELLS,1826.0,1
10845,586600,Charlie,Gina,SQUID_INK,SEASHELLS,1824.0,7
10846,586600,Charlie,Paris,SQUID_INK,SEASHELLS,1824.0,1
10855,587400,Charlie,Paris,SQUID_INK,SEASHELLS,1842.0,1
10857,587500,Charlie,Pablo,SQUID_INK,SEASHELLS,1846.0,3
10859,587600,Gary,Charlie,SQUID_INK,SEASHELLS,1849.0,12
10865,588000,Penelope,Charlie,SQUID_INK,SEASHELLS,1837.0,7
10872,588300,Paris,Camilla,SQUID_INK,SEASHELLS,1813.0,1
10875,588400,Paris,Charlie,SQUID_INK,SEASHELLS,1815.0,1
10881,588800,Camilla,Pablo,SQUID_INK,SEASHELLS,1818.0,2
10884,588900,Paris,Charlie,SQUID_INK,SEASHELLS,1821.0,1
10887,589100,Paris,Charlie,SQUID_INK,SEASHELLS,1830.0,1
10907,589900,Charlie,Paris,SQUID_INK,SEASHELLS,1825.0,1
10912,590000,Camilla,Paris,SQUID_INK,SEASHELLS,1825.0,1
10915,590200,Paris,Charlie,SQUID_INK,SEASHELLS,1826.0,1
10917,590400,Paris,Gary,SQUID_INK,SEASHELLS,1821.0,1
10932,591000,Charlie,Gina,SQUID_INK,SEASHELLS,1826.0,10
10942,591400,Charlie,Paris,SQUID_INK,SEASHELLS,1829.0,1
10946,591500,Charlie,Paris,SQUID_INK,SEASHELLS,1829.0,2
10948,591600,Charlie,Paris,SQUID_INK,SEASHELLS,1827.0,1
10952,591800,Paris,Camilla,SQUID_INK,SEASHELLS,1825.0,1
10953,591800,Charlie,Gary,SQUID_INK,SEASHELLS,1823.0,9
10955,592100,Paris,Charlie,SQUID_INK,SEASHELLS,1822.0,1
10958,592400,Paris,Charlie,SQUID_INK,SEASHELLS,1829.0,1
10965,592700,Charlie,Paris,SQUID_INK,SEASHELLS,1830.0,1
10966,592700,Gary,Charlie,SQUID_INK,SEASHELLS,1833.0,10
10967,592700,Penelope,Charlie,SQUID_INK,SEASHELLS,1833.0,14
10969,592800,Charlie,Penelope,SQUID_INK,SEASHELLS,1830.0,11
10978,593000,Gary,Charlie,SQUID_INK,SEASHELLS,1835.0,11
11015,594400,Charlie,Penelope,SQUID_INK,SEASHELLS,1833.0,9
11026,595400,Caesar,Paris,SQUID_INK,SEASHELLS,1836.0,1
11033,595700,Charlie,Paris,SQUID_INK,SEASHELLS,1836.0,1
11036,595800,Penelope,Charlie,SQUID_INK,SEASHELLS,1839.0,11
11038,595900,Charlie,Paris,SQUID_INK,SEASHELLS,1837.0,1
11040,596000,Gary,Charlie,SQUID_INK,SEASHELLS,1842.0,12
11044,596300,Pablo,Camilla,SQUID_INK,SEASHELLS,1840.0,3
11046,596400,Charlie,Pablo,SQUID_INK,SEASHELLS,1838.0,4
11053,597200,Camilla,Paris,SQUID_INK,SEASHELLS,1842.0,1
11057,597800,Charlie,Penelope,SQUID_INK,SEASHELLS,1834.0,6
11065,598900,Camilla,Paris,SQUID_INK,SEASHELLS,1836.0,1
11067,599200,Penelope,Camilla,SQUID_INK,SEASHELLS,1838.0,1
11071,599300,Paris,Charlie,SQUID_INK,SEASHELLS,1837.0,1
11076,599700,Charlie,Paris,SQUID_INK,SEASHELLS,1837.0,1
11082,600100,Paris,Charlie,SQUID_INK,SEASHELLS,1832.0,1
11118,602400,Camilla,Caesar,SQUID_INK,SEASHELLS,1808.0,5
11120,602500,Paris,Camilla,SQUID_INK,SEASHELLS,1807.0,1
11132,602600,Charlie,Paris,SQUID_INK,SEASHELLS,1808.0,1
11140,603100,Caesar,Paris,SQUID_INK,SEASHELLS,1808.0,1
11146,603200,Paris,Caesar,SQUID_INK,SEASHELLS,1808.0,1
11151,603700,Pablo,Charlie,SQUID_INK,SEASHELLS,1808.0,3
11156,604000,Penelope,Charlie,SQUID_INK,SEASHELLS,1808.0,11
11170,604500,Charlie,Paris,SQUID_INK,SEASHELLS,1804.0,1
11172,604600,Charlie,Paris,SQUID_INK,SEASHELLS,1805.0,1
11178,604900,Camilla,Paris,SQUID_INK,SEASHELLS,1808.0,1
11181,605000,Paris,Charlie,SQUID_INK,SEASHELLS,1811.0,1
11185,605300,Charlie,Caesar,SQUID_INK,SEASHELLS,1808.0,6
11197,605700,Paris,Charlie,SQUID_INK,SEASHELLS,1810.0,1
11213,606300,Paris,Charlie,SQUID_INK,SEASHELLS,1808.0,1
11218,606700,Caesar,Paris,SQUID_INK,SEASHELLS,1807.0,1
11221,607200,Charlie,Paris,SQUID_INK,SEASHELLS,1804.0,1
11231,607700,Charlie,Pablo,SQUID_INK,SEASHELLS,1804.0,3
11235,608100,Charlie,Paris,SQUID_INK,SEASHELLS,1804.0,1
11236,608100,Gary,Charlie,SQUID_INK,SEASHELLS,1807.0,8
11258,608900,Charlie,Paris,SQUID_INK,SEASHELLS,1810.0,1
11264,609400,Charlie,Paris,SQUID_INK,SEASHELLS,1812.0,1
11271,609800,Charlie,Paris,SQUID_INK,SEASHELLS,1813.0,1
11277,610100,Camilla,Gina,SQUID_INK,SEASHELLS,1812.0,3
11278,610100,Charlie,Gina,SQUID_INK,SEASHELLS,1812.0,4
11303,612100,Charlie,Camilla,SQUID_INK,SEASHELLS,1805.0,1
11305,612200,Charlie,Paris,SQUID_INK,SEASHELLS,1805.0,1
11316,612700,Charlie,Pablo,SQUID_INK,SEASHELLS,1804.0,5
11317,612700,Charlie,Caesar,SQUID_INK,SEASHELLS,1804.0,5
11324,612900,Paris,Charlie,SQUID_INK,SEASHELLS,1805.0,1
11327,613000,Penelope,Charlie,SQUID_INK,SEASHELLS,1806.0,9
11328,613000,Charlie,Paris,SQUID_INK,SEASHELLS,1802.0,1
11335,614000,Camilla,Pablo,SQUID_INK,SEASHELLS,1807.0,3
11336,614000,Charlie,Pablo,SQUID_INK,SEASHELLS,1807.0,1
11340,614200,Charlie,Penelope,SQUID_INK,SEASHELLS,1804.0,12
11346,614500,Charlie,Gina,SQUID_INK,SEASHELLS,1801.0,7
11350,614700,Paris,Camilla,SQUID_INK,SEASHELLS,1802.0,1
11351,614700,Paris,Camilla,SQUID_INK,SEASHELLS,1802.0,1
11355,615000,Paris,Charlie,SQUID_INK,SEASHELLS,1808.0,2
11359,615200,Camilla,Paris,SQUID_INK,SEASHELLS,1804.0,1
11372,615600,Penelope,Charlie,SQUID_INK,SEASHELLS,1809.0,9
11381,616300,Charlie,Paris,SQUID_INK,SEASHELLS,1808.0,1
11384,616400,Charlie,Gina,SQUID_INK,SEASHELLS,1814.0,7
11394,617100,Charlie,Paris,SQUID_INK,SEASHELLS,1816.0,1
11399,617400,Paris,Charlie,SQUID_INK,SEASHELLS,1819.0,1
11410,617800,Paris,Charlie,SQUID_INK,SEASHELLS,1819.0,1
11416,618300,Charlie,Paris,SQUID_INK,SEASHELLS,1817.0,1
11419,618400,Paris,Caesar,SQUID_INK,SEASHELLS,1821.0,2
11422,618500,Paris,Charlie,SQUID_INK,SEASHELLS,1820.0,1
11423,618600,Charlie,Camilla,SQUID_INK,SEASHELLS,1821.0,1
11426,618700,Paris,Charlie,SQUID_INK,SEASHELLS,1822.0,1
11454,619900,Paris,Camilla,SQUID_INK,SEASHELLS,1822.0,1
