,timestamp,buyer,seller,symbol,currency,price,quantity
40,3500,Camilla,Caesar,VOLCANIC_ROCK_VOUCHER_10250,SEASHELLS,64.0,14
41,3500,Caesar,Caesar,VOLCANIC_ROCK_VOUCHER_10250,SEASHELLS,64.0,2
52,4200,Camilla,Pablo,VOLCANIC_ROCK_VOUCHER_10250,SEASHELLS,61.0,7
110,7600,Camilla,Caesar,VOLCANIC_ROCK_VOUCHER_10250,SEASHELLS,67.0,13
135,9400,Camilla,Pablo,VOLCANIC_ROCK_VOUCHER_10250,SEASHELLS,65.0,10
176,12500,Camilla,Caesar,VOLCANIC_ROCK_VOUCHER_10250,SEASHELLS,55.0,18
216,15000,Camilla,Caesar,VOLCANIC_ROCK_VOUCHER_10250,SEASHELLS,54.0,17
250,17300,Camilla,Pablo,VOLCANIC_ROCK_VOUCHER_10250,SEASHELLS,53.0,9
258,17900,Camilla,Pablo,VOLCANIC_ROCK_VOUCHER_10250,SEASHELLS,54.0,14
284,19400,Camilla,Caesar,VOLCANIC_ROCK_VOUCHER_10250,SEASHELLS,55.0,17
314,21000,Camilla,Caesar,VOLCANIC_ROCK_VOUCHER_10250,SEASHELLS,55.0,12
323,21300,Camilla,Caesar,VOLCANIC_ROCK_VOUCHER_10250,SEASHELLS,57.0,14
328,21400,Camilla,Penelope,VOLCANIC_ROCK_VOUCHER_10250,SEASHELLS,57.0,17
357,22800,Camilla,Caesar,VOLCANIC_ROCK_VOUCHER_10250,SEASHELLS,59.0,17
358,22800,Caesar,Caesar,VOLCANIC_ROCK_VOUCHER_10250,SEASHELLS,59.0,1
380,24100,Camilla,Caesar,VOLCANIC_ROCK_VOUCHER_10250,SEASHELLS,55.0,15
409,26400,Camilla,Caesar,VOLCANIC_ROCK_VOUCHER_10250,SEASHELLS,56.0,10
422,27100,Camilla,Caesar,VOLCANIC_ROCK_VOUCHER_10250,SEASHELLS,55.0,11
432,27800,Camilla,Caesar,VOLCANIC_ROCK_VOUCHER_10250,SEASHELLS,53.0,15
457,29500,Camilla,Caesar,VOLCANIC_ROCK_VOUCHER_10250,SEASHELLS,50.0,11
489,31200,Camilla,Penelope,VOLCANIC_ROCK_VOUCHER_10250,SEASHELLS,48.0,11
501,31800,Camilla,Caesar,VOLCANIC_ROCK_VOUCHER_10250,SEASHELLS,48.0,16
502,31800,Caesar,Caesar,VOLCANIC_ROCK_VOUCHER_10250,SEASHELLS,48.0,1
550,34800,Camilla,Caesar,VOLCANIC_ROCK_VOUCHER_10250,SEASHELLS,51.0,10
565,35600,Camilla,Caesar,VOLCANIC_ROCK_VOUCHER_10250,SEASHELLS,52.0,14
578,36800,Camilla,Pablo,VOLCANIC_ROCK_VOUCHER_10250,SEASHELLS,51.0,12
579,36800,Caesar,Pablo,VOLCANIC_ROCK_VOUCHER_10250,SEASHELLS,51.0,2
606,38100,Camilla,Caesar,VOLCANIC_ROCK_VOUCHER_10250,SEASHELLS,52.0,13
640,41200,Camilla,Caesar,VOLCANIC_ROCK_VOUCHER_10250,SEASHELLS,52.0,11
668,43600,Camilla,Caesar,VOLCANIC_ROCK_VOUCHER_10250,SEASHELLS,48.0,12
695,45300,Camilla,Pablo,VOLCANIC_ROCK_VOUCHER_10250,SEASHELLS,51.0,12
703,45700,Camilla,Caesar,VOLCANIC_ROCK_VOUCHER_10250,SEASHELLS,49.0,14
709,46100,Camilla,Pablo,VOLCANIC_ROCK_VOUCHER_10250,SEASHELLS,49.0,10
732,47600,Camilla,Caesar,VOLCANIC_ROCK_VOUCHER_10250,SEASHELLS,48.0,12
748,48300,Camilla,Pablo,VOLCANIC_ROCK_VOUCHER_10250,SEASHELLS,46.0,10
749,48300,Caesar,Pablo,VOLCANIC_ROCK_VOUCHER_10250,SEASHELLS,46.0,2
768,49100,Penelope,Camilla,VOLCANIC_ROCK_VOUCHER_10250,SEASHELLS,46.0,11
786,50100,Camilla,Caesar,VOLCANIC_ROCK_VOUCHER_10250,SEASHELLS,44.0,12
787,50100,Caesar,Caesar,VOLCANIC_ROCK_VOUCHER_10250,SEASHELLS,44.0,2
809,50700,Camilla,Caesar,VOLCANIC_ROCK_VOUCHER_10250,SEASHELLS,43.0,11
842,52700,Camilla,Pablo,VOLCANIC_ROCK_VOUCHER_10250,SEASHELLS,42.0,10
843,52700,Caesar,Pablo,VOLCANIC_ROCK_VOUCHER_10250,SEASHELLS,42.0,2
857,53400,Camilla,Pablo,VOLCANIC_ROCK_VOUCHER_10250,SEASHELLS,42.0,11
902,56500,Camilla,Caesar,VOLCANIC_ROCK_VOUCHER_10250,SEASHELLS,40.0,15
903,56500,Caesar,Caesar,VOLCANIC_ROCK_VOUCHER_10250,SEASHELLS,40.0,2
911,56600,Camilla,Caesar,VOLCANIC_ROCK_VOUCHER_10250,SEASHELLS,39.0,16
920,57000,Camilla,Caesar,VOLCANIC_ROCK_VOUCHER_10250,SEASHELLS,41.0,19
921,57000,Caesar,Caesar,VOLCANIC_ROCK_VOUCHER_10250,SEASHELLS,41.0,1
933,57100,Camilla,Penelope,VOLCANIC_ROCK_VOUCHER_10250,SEASHELLS,41.0,16
953,58200,Camilla,Caesar,VOLCANIC_ROCK_VOUCHER_10250,SEASHELLS,40.0,19
969,58700,Camilla,Caesar,VOLCANIC_ROCK_VOUCHER_10250,SEASHELLS,39.0,10
1081,65200,Camilla,Caesar,VOLCANIC_ROCK_VOUCHER_10250,SEASHELLS,50.0,17
1107,66300,Camilla,Caesar,VOLCANIC_ROCK_VOUCHER_10250,SEASHELLS,50.0,13
1123,67200,Camilla,Caesar,VOLCANIC_ROCK_VOUCHER_10250,SEASHELLS,47.0,11
1124,67200,Caesar,Caesar,VOLCANIC_ROCK_VOUCHER_10250,SEASHELLS,47.0,1
1166,69300,Camilla,Pablo,VOLCANIC_ROCK_VOUCHER_10250,SEASHELLS,52.0,15
1174,69600,Camilla,Caesar,VOLCANIC_ROCK_VOUCHER_10250,SEASHELLS,50.0,20
1194,71700,Camilla,Caesar,VOLCANIC_ROCK_VOUCHER_10250,SEASHELLS,51.0,11
1195,71700,Caesar,Caesar,VOLCANIC_ROCK_VOUCHER_10250,SEASHELLS,51.0,1
1227,73000,Camilla,Caesar,VOLCANIC_ROCK_VOUCHER_10250,SEASHELLS,49.0,12
1266,74900,Camilla,Caesar,VOLCANIC_ROCK_VOUCHER_10250,SEASHELLS,49.0,14
1289,76000,Camilla,Caesar,VOLCANIC_ROCK_VOUCHER_10250,SEASHELLS,48.0,16
1290,76000,Caesar,Caesar,VOLCANIC_ROCK_VOUCHER_10250,SEASHELLS,48.0,1
1324,78500,Camilla,Caesar,VOLCANIC_ROCK_VOUCHER_10250,SEASHELLS,47.0,14
1346,80000,Camilla,Pablo,VOLCANIC_ROCK_VOUCHER_10250,SEASHELLS,47.0,15
1353,80200,Camilla,Caesar,VOLCANIC_ROCK_VOUCHER_10250,SEASHELLS,48.0,12
1416,83800,Camilla,Caesar,VOLCANIC_ROCK_VOUCHER_10250,SEASHELLS,50.0,11
1440,85100,Camilla,Pablo,VOLCANIC_ROCK_VOUCHER_10250,SEASHELLS,47.0,5
1449,85400,Camilla,Pablo,VOLCANIC_ROCK_VOUCHER_10250,SEASHELLS,48.0,9
1512,88700,Camilla,Caesar,VOLCANIC_ROCK_VOUCHER_10250,SEASHELLS,46.0,12
1533,89900,Penelope,Camilla,VOLCANIC_ROCK_VOUCHER_10250,SEASHELLS,48.0,14
1539,90400,Camilla,Pablo,VOLCANIC_ROCK_VOUCHER_10250,SEASHELLS,46.0,10
1553,90700,Penelope,Camilla,VOLCANIC_ROCK_VOUCHER_10250,SEASHELLS,46.0,12
1554,90700,Penelope,Caesar,VOLCANIC_ROCK_VOUCHER_10250,SEASHELLS,46.0,2
1597,92400,Camilla,Caesar,VOLCANIC_ROCK_VOUCHER_10250,SEASHELLS,49.0,11
1608,92900,Camilla,Caesar,VOLCANIC_ROCK_VOUCHER_10250,SEASHELLS,50.0,16
1628,94000,Camilla,Caesar,VOLCANIC_ROCK_VOUCHER_10250,SEASHELLS,48.0,15
1629,94000,Caesar,Caesar,VOLCANIC_ROCK_VOUCHER_10250,SEASHELLS,48.0,2
1656,95900,Camilla,Caesar,VOLCANIC_ROCK_VOUCHER_10250,SEASHELLS,46.0,15
1728,101300,Camilla,Caesar,VOLCANIC_ROCK_VOUCHER_10250,SEASHELLS,39.0,17
1739,102000,Camilla,Caesar,VOLCANIC_ROCK_VOUCHER_10250,SEASHELLS,39.0,13
1747,102100,Camilla,Pablo,VOLCANIC_ROCK_VOUCHER_10250,SEASHELLS,39.0,8
1761,102600,Camilla,Caesar,VOLCANIC_ROCK_VOUCHER_10250,SEASHELLS,37.0,19
1782,104000,Camilla,Pablo,VOLCANIC_ROCK_VOUCHER_10250,SEASHELLS,40.0,5
1788,104200,Camilla,Caesar,VOLCANIC_ROCK_VOUCHER_10250,SEASHELLS,39.0,16
1789,104200,Caesar,Caesar,VOLCANIC_ROCK_VOUCHER_10250,SEASHELLS,39.0,2
1822,105900,Camilla,Penelope,VOLCANIC_ROCK_VOUCHER_10250,SEASHELLS,40.0,16
1842,107000,Camilla,Penelope,VOLCANIC_ROCK_VOUCHER_10250,SEASHELLS,37.0,10
1861,108400,Camilla,Caesar,VOLCANIC_ROCK_VOUCHER_10250,SEASHELLS,34.0,16
1927,112000,Camilla,Caesar,VOLCANIC_ROCK_VOUCHER_10250,SEASHELLS,41.0,14
1928,112000,Caesar,Caesar,VOLCANIC_ROCK_VOUCHER_10250,SEASHELLS,41.0,2
1945,113600,Camilla,Caesar,VOLCANIC_ROCK_VOUCHER_10250,SEASHELLS,39.0,12
1946,113600,Caesar,Caesar,VOLCANIC_ROCK_VOUCHER_10250,SEASHELLS,39.0,2
1953,113900,Camilla,Pablo,VOLCANIC_ROCK_VOUCHER_10250,SEASHELLS,41.0,7
1970,114500,Camilla,Caesar,VOLCANIC_ROCK_VOUCHER_10250,SEASHELLS,39.0,11
1971,114500,Caesar,Caesar,VOLCANIC_ROCK_VOUCHER_10250,SEASHELLS,39.0,2
2012,116400,Camilla,Caesar,VOLCANIC_ROCK_VOUCHER_10250,SEASHELLS,38.0,19
2013,116400,Caesar,Caesar,VOLCANIC_ROCK_VOUCHER_10250,SEASHELLS,38.0,1
2075,121000,Penelope,Camilla,VOLCANIC_ROCK_VOUCHER_10250,SEASHELLS,38.0,16
2076,121000,Penelope,Caesar,VOLCANIC_ROCK_VOUCHER_10250,SEASHELLS,38.0,2
2088,121700,Camilla,Caesar,VOLCANIC_ROCK_VOUCHER_10250,SEASHELLS,36.0,11
2162,127200,Camilla,Caesar,VOLCANIC_ROCK_VOUCHER_10250,SEASHELLS,39.0,10
2195,128900,Camilla,Caesar,VOLCANIC_ROCK_VOUCHER_10250,SEASHELLS,39.0,12
2203,129100,Camilla,Pablo,VOLCANIC_ROCK_VOUCHER_10250,SEASHELLS,39.0,15
2228,130400,Camilla,Pablo,VOLCANIC_ROCK_VOUCHER_10250,SEASHELLS,39.0,12
2236,130500,Camilla,Pablo,VOLCANIC_ROCK_VOUCHER_10250,SEASHELLS,39.0,13
2255,131900,Camilla,Caesar,VOLCANIC_ROCK_VOUCHER_10250,SEASHELLS,38.0,11
2260,132000,Camilla,Pablo,VOLCANIC_ROCK_VOUCHER_10250,SEASHELLS,38.0,5
2281,133200,Camilla,Caesar,VOLCANIC_ROCK_VOUCHER_10250,SEASHELLS,38.0,13
2282,133200,Caesar,Caesar,VOLCANIC_ROCK_VOUCHER_10250,SEASHELLS,38.0,1
2295,134200,Camilla,Caesar,VOLCANIC_ROCK_VOUCHER_10250,SEASHELLS,43.0,13
2296,134200,Caesar,Caesar,VOLCANIC_ROCK_VOUCHER_10250,SEASHELLS,43.0,2
2320,135000,Camilla,Pablo,VOLCANIC_ROCK_VOUCHER_10250,SEASHELLS,42.0,11
2341,136700,Camilla,Caesar,VOLCANIC_ROCK_VOUCHER_10250,SEASHELLS,41.0,17
2385,139700,Camilla,Caesar,VOLCANIC_ROCK_VOUCHER_10250,SEASHELLS,43.0,12
2386,139700,Caesar,Caesar,VOLCANIC_ROCK_VOUCHER_10250,SEASHELLS,43.0,1
2397,140100,Camilla,Caesar,VOLCANIC_ROCK_VOUCHER_10250,SEASHELLS,43.0,10
2454,143600,Camilla,Pablo,VOLCANIC_ROCK_VOUCHER_10250,SEASHELLS,47.0,5
2464,143900,Camilla,Caesar,VOLCANIC_ROCK_VOUCHER_10250,SEASHELLS,46.0,11
2475,144400,Camilla,Caesar,VOLCANIC_ROCK_VOUCHER_10250,SEASHELLS,44.0,14
2483,144800,Camilla,Caesar,VOLCANIC_ROCK_VOUCHER_10250,SEASHELLS,45.0,13
2512,145900,Camilla,Penelope,VOLCANIC_ROCK_VOUCHER_10250,SEASHELLS,46.0,12
2513,145900,Caesar,Penelope,VOLCANIC_ROCK_VOUCHER_10250,SEASHELLS,46.0,2
2522,146100,Penelope,Camilla,VOLCANIC_ROCK_VOUCHER_10250,SEASHELLS,47.0,10
2617,153900,Camilla,Caesar,VOLCANIC_ROCK_VOUCHER_10250,SEASHELLS,47.0,12
2636,154800,Camilla,Pablo,VOLCANIC_ROCK_VOUCHER_10250,SEASHELLS,47.0,9
2648,155200,Camilla,Caesar,VOLCANIC_ROCK_VOUCHER_10250,SEASHELLS,48.0,13
2653,155300,Camilla,Caesar,VOLCANIC_ROCK_VOUCHER_10250,SEASHELLS,48.0,12
2662,156000,Camilla,Caesar,VOLCANIC_ROCK_VOUCHER_10250,SEASHELLS,49.0,19
2671,156200,Camilla,Pablo,VOLCANIC_ROCK_VOUCHER_10250,SEASHELLS,49.0,6
2683,156500,Camilla,Caesar,VOLCANIC_ROCK_VOUCHER_10250,SEASHELLS,49.0,11
2763,161800,Camilla,Caesar,VOLCANIC_ROCK_VOUCHER_10250,SEASHELLS,54.0,16
2780,162300,Camilla,Caesar,VOLCANIC_ROCK_VOUCHER_10250,SEASHELLS,55.0,11
2781,162300,Caesar,Caesar,VOLCANIC_ROCK_VOUCHER_10250,SEASHELLS,55.0,2
2792,162600,Camilla,Caesar,VOLCANIC_ROCK_VOUCHER_10250,SEASHELLS,55.0,11
2845,165800,Camilla,Penelope,VOLCANIC_ROCK_VOUCHER_10250,SEASHELLS,50.0,11
2846,165800,Caesar,Penelope,VOLCANIC_ROCK_VOUCHER_10250,SEASHELLS,50.0,2
2874,167800,Camilla,Caesar,VOLCANIC_ROCK_VOUCHER_10250,SEASHELLS,49.0,17
2882,168300,Camilla,Caesar,VOLCANIC_ROCK_VOUCHER_10250,SEASHELLS,49.0,10
2897,169300,Camilla,Caesar,VOLCANIC_ROCK_VOUCHER_10250,SEASHELLS,47.0,13
2938,172200,Camilla,Pablo,VOLCANIC_ROCK_VOUCHER_10250,SEASHELLS,41.0,13
2952,172500,Camilla,Pablo,VOLCANIC_ROCK_VOUCHER_10250,SEASHELLS,40.0,15
2963,172900,Camilla,Pablo,VOLCANIC_ROCK_VOUCHER_10250,SEASHELLS,41.0,12
2964,172900,Caesar,Pablo,VOLCANIC_ROCK_VOUCHER_10250,SEASHELLS,41.0,1
2980,173300,Camilla,Caesar,VOLCANIC_ROCK_VOUCHER_10250,SEASHELLS,42.0,11
2987,173500,Camilla,Pablo,VOLCANIC_ROCK_VOUCHER_10250,SEASHELLS,42.0,7
3027,176200,Camilla,Caesar,VOLCANIC_ROCK_VOUCHER_10250,SEASHELLS,40.0,12
3045,177800,Camilla,Penelope,VOLCANIC_ROCK_VOUCHER_10250,SEASHELLS,40.0,15
3054,178300,Camilla,Pablo,VOLCANIC_ROCK_VOUCHER_10250,SEASHELLS,38.0,10
3059,178400,Camilla,Caesar,VOLCANIC_ROCK_VOUCHER_10250,SEASHELLS,38.0,14
3077,179300,Camilla,Caesar,VOLCANIC_ROCK_VOUCHER_10250,SEASHELLS,38.0,15
3078,179300,Caesar,Caesar,VOLCANIC_ROCK_VOUCHER_10250,SEASHELLS,38.0,2
3097,179900,Camilla,Penelope,VOLCANIC_ROCK_VOUCHER_10250,SEASHELLS,36.0,10
3113,180800,Camilla,Caesar,VOLCANIC_ROCK_VOUCHER_10250,SEASHELLS,34.0,10
3121,180900,Camilla,Pablo,VOLCANIC_ROCK_VOUCHER_10250,SEASHELLS,34.0,6
3136,182100,Camilla,Pablo,VOLCANIC_ROCK_VOUCHER_10250,SEASHELLS,36.0,9
3162,183500,Camilla,Caesar,VOLCANIC_ROCK_VOUCHER_10250,SEASHELLS,36.0,14
3183,184100,Camilla,Caesar,VOLCANIC_ROCK_VOUCHER_10250,SEASHELLS,36.0,16
3218,186500,Camilla,Caesar,VOLCANIC_ROCK_VOUCHER_10250,SEASHELLS,33.0,13
3235,187500,Camilla,Caesar,VOLCANIC_ROCK_VOUCHER_10250,SEASHELLS,33.0,16
3251,188400,Camilla,Caesar,VOLCANIC_ROCK_VOUCHER_10250,SEASHELLS,33.0,18
3252,188400,Caesar,Caesar,VOLCANIC_ROCK_VOUCHER_10250,SEASHELLS,33.0,2
3272,189200,Camilla,Caesar,VOLCANIC_ROCK_VOUCHER_10250,SEASHELLS,34.0,16
3273,189200,Caesar,Caesar,VOLCANIC_ROCK_VOUCHER_10250,SEASHELLS,34.0,1
3311,191100,Camilla,Caesar,VOLCANIC_ROCK_VOUCHER_10250,SEASHELLS,32.0,18
3312,191100,Caesar,Caesar,VOLCANIC_ROCK_VOUCHER_10250,SEASHELLS,32.0,2
3322,191200,Camilla,Caesar,VOLCANIC_ROCK_VOUCHER_10250,SEASHELLS,32.0,16
3368,193000,Camilla,Caesar,VOLCANIC_ROCK_VOUCHER_10250,SEASHELLS,33.0,19
3413,195900,Camilla,Caesar,VOLCANIC_ROCK_VOUCHER_10250,SEASHELLS,33.0,10
3414,195900,Caesar,Caesar,VOLCANIC_ROCK_VOUCHER_10250,SEASHELLS,33.0,2
3445,197300,Camilla,Caesar,VOLCANIC_ROCK_VOUCHER_10250,SEASHELLS,35.0,17
3452,197800,Camilla,Caesar,VOLCANIC_ROCK_VOUCHER_10250,SEASHELLS,36.0,10
3486,200300,Camilla,Caesar,VOLCANIC_ROCK_VOUCHER_10250,SEASHELLS,34.0,11
3510,201400,Camilla,Caesar,VOLCANIC_ROCK_VOUCHER_10250,SEASHELLS,37.0,17
3542,202600,Camilla,Caesar,VOLCANIC_ROCK_VOUCHER_10250,SEASHELLS,36.0,12
3543,202600,Caesar,Caesar,VOLCANIC_ROCK_VOUCHER_10250,SEASHELLS,36.0,2
3557,203000,Camilla,Penelope,VOLCANIC_ROCK_VOUCHER_10250,SEASHELLS,37.0,17
3558,203000,Caesar,Penelope,VOLCANIC_ROCK_VOUCHER_10250,SEASHELLS,37.0,2
3602,205900,Camilla,Caesar,VOLCANIC_ROCK_VOUCHER_10250,SEASHELLS,36.0,15
3619,206500,Camilla,Caesar,VOLCANIC_ROCK_VOUCHER_10250,SEASHELLS,40.0,16
3651,208200,Camilla,Caesar,VOLCANIC_ROCK_VOUCHER_10250,SEASHELLS,40.0,19
3661,208600,Camilla,Pablo,VOLCANIC_ROCK_VOUCHER_10250,SEASHELLS,40.0,13
3671,209100,Camilla,Pablo,VOLCANIC_ROCK_VOUCHER_10250,SEASHELLS,39.0,7
3698,209900,Camilla,Penelope,VOLCANIC_ROCK_VOUCHER_10250,SEASHELLS,38.0,13
3699,209900,Caesar,Penelope,VOLCANIC_ROCK_VOUCHER_10250,SEASHELLS,38.0,2
3734,211800,Camilla,Caesar,VOLCANIC_ROCK_VOUCHER_10250,SEASHELLS,35.0,10
3762,212900,Camilla,Caesar,VOLCANIC_ROCK_VOUCHER_10250,SEASHELLS,38.0,12
3774,213200,Camilla,Caesar,VOLCANIC_ROCK_VOUCHER_10250,SEASHELLS,37.0,12
3775,213200,Caesar,Caesar,VOLCANIC_ROCK_VOUCHER_10250,SEASHELLS,37.0,1
3792,213700,Camilla,Penelope,VOLCANIC_ROCK_VOUCHER_10250,SEASHELLS,37.0,11
3793,213700,Caesar,Penelope,VOLCANIC_ROCK_VOUCHER_10250,SEASHELLS,37.0,1
3804,214200,Camilla,Caesar,VOLCANIC_ROCK_VOUCHER_10250,SEASHELLS,39.0,15
3811,214600,Camilla,Penelope,VOLCANIC_ROCK_VOUCHER_10250,SEASHELLS,39.0,20
3844,217100,Camilla,Caesar,VOLCANIC_ROCK_VOUCHER_10250,SEASHELLS,36.0,14
3859,217700,Camilla,Pablo,VOLCANIC_ROCK_VOUCHER_10250,SEASHELLS,35.0,13
3874,218700,Camilla,Caesar,VOLCANIC_ROCK_VOUCHER_10250,SEASHELLS,33.0,10
3875,218700,Caesar,Caesar,VOLCANIC_ROCK_VOUCHER_10250,SEASHELLS,33.0,1
3884,218800,Camilla,Caesar,VOLCANIC_ROCK_VOUCHER_10250,SEASHELLS,33.0,12
3885,218800,Caesar,Caesar,VOLCANIC_ROCK_VOUCHER_10250,SEASHELLS,33.0,2
3909,219700,Camilla,Caesar,VOLCANIC_ROCK_VOUCHER_10250,SEASHELLS,36.0,14
3925,220900,Camilla,Caesar,VOLCANIC_ROCK_VOUCHER_10250,SEASHELLS,38.0,12
3926,220900,Caesar,Caesar,VOLCANIC_ROCK_VOUCHER_10250,SEASHELLS,38.0,2
3999,224100,Camilla,Caesar,VOLCANIC_ROCK_VOUCHER_10250,SEASHELLS,38.0,20
4004,224200,Camilla,Pablo,VOLCANIC_ROCK_VOUCHER_10250,SEASHELLS,38.0,14
4027,225200,Camilla,Caesar,VOLCANIC_ROCK_VOUCHER_10250,SEASHELLS,39.0,12
4062,228000,Camilla,Pablo,VOLCANIC_ROCK_VOUCHER_10250,SEASHELLS,38.0,7
4071,228500,Camilla,Caesar,VOLCANIC_ROCK_VOUCHER_10250,SEASHELLS,37.0,17
4093,229700,Camilla,Caesar,VOLCANIC_ROCK_VOUCHER_10250,SEASHELLS,36.0,14
4094,229700,Caesar,Caesar,VOLCANIC_ROCK_VOUCHER_10250,SEASHELLS,36.0,1
4119,231400,Camilla,Penelope,VOLCANIC_ROCK_VOUCHER_10250,SEASHELLS,35.0,11
4120,231400,Caesar,Penelope,VOLCANIC_ROCK_VOUCHER_10250,SEASHELLS,35.0,1
4128,231600,Camilla,Pablo,VOLCANIC_ROCK_VOUCHER_10250,SEASHELLS,35.0,14
4178,234800,Camilla,Caesar,VOLCANIC_ROCK_VOUCHER_10250,SEASHELLS,34.0,19
4196,236000,Camilla,Caesar,VOLCANIC_ROCK_VOUCHER_10250,SEASHELLS,35.0,11
4206,236400,Camilla,Caesar,VOLCANIC_ROCK_VOUCHER_10250,SEASHELLS,34.0,11
4213,236800,Camilla,Caesar,VOLCANIC_ROCK_VOUCHER_10250,SEASHELLS,34.0,17
4226,237400,Camilla,Penelope,VOLCANIC_ROCK_VOUCHER_10250,SEASHELLS,33.0,11
4227,237400,Caesar,Penelope,VOLCANIC_ROCK_VOUCHER_10250,SEASHELLS,33.0,2
4228,237400,Caesar,Penelope,VOLCANIC_ROCK_VOUCHER_10250,SEASHELLS,33.0,6
4240,237800,Camilla,Caesar,VOLCANIC_ROCK_VOUCHER_10250,SEASHELLS,34.0,13
4261,239000,Camilla,Caesar,VOLCANIC_ROCK_VOUCHER_10250,SEASHELLS,32.0,10
4267,239300,Camilla,Caesar,VOLCANIC_ROCK_VOUCHER_10250,SEASHELLS,32.0,11
4268,239300,Caesar,Caesar,VOLCANIC_ROCK_VOUCHER_10250,SEASHELLS,32.0,1
4275,239400,Camilla,Caesar,VOLCANIC_ROCK_VOUCHER_10250,SEASHELLS,32.0,14
4276,239400,Caesar,Caesar,VOLCANIC_ROCK_VOUCHER_10250,SEASHELLS,32.0,1
4287,239900,Penelope,Camilla,VOLCANIC_ROCK_VOUCHER_10250,SEASHELLS,33.0,13
4288,239900,Penelope,Caesar,VOLCANIC_ROCK_VOUCHER_10250,SEASHELLS,33.0,1
4300,240200,Camilla,Caesar,VOLCANIC_ROCK_VOUCHER_10250,SEASHELLS,33.0,10
4314,240800,Camilla,Caesar,VOLCANIC_ROCK_VOUCHER_10250,SEASHELLS,31.0,12
4315,240800,Caesar,Caesar,VOLCANIC_ROCK_VOUCHER_10250,SEASHELLS,31.0,1
4339,242000,Camilla,Caesar,VOLCANIC_ROCK_VOUCHER_10250,SEASHELLS,30.0,14
4366,243600,Camilla,Caesar,VOLCANIC_ROCK_VOUCHER_10250,SEASHELLS,28.0,10
4382,244200,Camilla,Caesar,VOLCANIC_ROCK_VOUCHER_10250,SEASHELLS,27.0,15
4395,245000,Camilla,Caesar,VOLCANIC_ROCK_VOUCHER_10250,SEASHELLS,27.0,17
4414,246200,Camilla,Caesar,VOLCANIC_ROCK_VOUCHER_10250,SEASHELLS,28.0,10
4415,246200,Caesar,Caesar,VOLCANIC_ROCK_VOUCHER_10250,SEASHELLS,28.0,2
4424,246300,Camilla,Caesar,VOLCANIC_ROCK_VOUCHER_10250,SEASHELLS,28.0,12
4448,248100,Camilla,Caesar,VOLCANIC_ROCK_VOUCHER_10250,SEASHELLS,32.0,16
4457,248800,Camilla,Caesar,VOLCANIC_ROCK_VOUCHER_10250,SEASHELLS,34.0,15
4464,249100,Camilla,Caesar,VOLCANIC_ROCK_VOUCHER_10250,SEASHELLS,36.0,15
4498,250300,Camilla,Caesar,VOLCANIC_ROCK_VOUCHER_10250,SEASHELLS,32.0,16
4509,250800,Camilla,Caesar,VOLCANIC_ROCK_VOUCHER_10250,SEASHELLS,32.0,15
4545,252600,Camilla,Caesar,VOLCANIC_ROCK_VOUCHER_10250,SEASHELLS,33.0,14
4551,252700,Camilla,Caesar,VOLCANIC_ROCK_VOUCHER_10250,SEASHELLS,33.0,14
4602,255800,Camilla,Caesar,VOLCANIC_ROCK_VOUCHER_10250,SEASHELLS,37.0,10
4611,256800,Camilla,Caesar,VOLCANIC_ROCK_VOUCHER_10250,SEASHELLS,34.0,15
4630,257800,Camilla,Caesar,VOLCANIC_ROCK_VOUCHER_10250,SEASHELLS,34.0,17
4638,258000,Camilla,Pablo,VOLCANIC_ROCK_VOUCHER_10250,SEASHELLS,35.0,8
4650,258600,Camilla,Caesar,VOLCANIC_ROCK_VOUCHER_10250,SEASHELLS,34.0,16
4678,260400,Camilla,Caesar,VOLCANIC_ROCK_VOUCHER_10250,SEASHELLS,32.0,14
4679,260400,Caesar,Caesar,VOLCANIC_ROCK_VOUCHER_10250,SEASHELLS,32.0,2
4720,262000,Penelope,Camilla,VOLCANIC_ROCK_VOUCHER_10250,SEASHELLS,31.0,11
4721,262000,Penelope,Caesar,VOLCANIC_ROCK_VOUCHER_10250,SEASHELLS,31.0,1
4756,263800,Camilla,Pablo,VOLCANIC_ROCK_VOUCHER_10250,SEASHELLS,29.0,8
4779,265300,Camilla,Caesar,VOLCANIC_ROCK_VOUCHER_10250,SEASHELLS,24.0,19
4780,265300,Penelope,Camilla,VOLCANIC_ROCK_VOUCHER_10250,SEASHELLS,25.0,20
4790,265700,Camilla,Caesar,VOLCANIC_ROCK_VOUCHER_10250,SEASHELLS,25.0,14
4804,266100,Camilla,Caesar,VOLCANIC_ROCK_VOUCHER_10250,SEASHELLS,25.0,11
4815,266500,Camilla,Pablo,VOLCANIC_ROCK_VOUCHER_10250,SEASHELLS,25.0,11
4826,267100,Camilla,Caesar,VOLCANIC_ROCK_VOUCHER_10250,SEASHELLS,27.0,10
4827,267100,Caesar,Caesar,VOLCANIC_ROCK_VOUCHER_10250,SEASHELLS,27.0,2
4846,267800,Camilla,Caesar,VOLCANIC_ROCK_VOUCHER_10250,SEASHELLS,26.0,15
4847,267800,Caesar,Caesar,VOLCANIC_ROCK_VOUCHER_10250,SEASHELLS,26.0,2
4858,268200,Camilla,Pablo,VOLCANIC_ROCK_VOUCHER_10250,SEASHELLS,27.0,11
4859,268200,Caesar,Pablo,VOLCANIC_ROCK_VOUCHER_10250,SEASHELLS,27.0,1
4882,269100,Camilla,Caesar,VOLCANIC_ROCK_VOUCHER_10250,SEASHELLS,27.0,12
4883,269100,Caesar,Caesar,VOLCANIC_ROCK_VOUCHER_10250,SEASHELLS,27.0,1
4920,271300,Camilla,Penelope,VOLCANIC_ROCK_VOUCHER_10250,SEASHELLS,25.0,13
4921,271300,Caesar,Penelope,VOLCANIC_ROCK_VOUCHER_10250,SEASHELLS,25.0,1
4970,274000,Camilla,Caesar,VOLCANIC_ROCK_VOUCHER_10250,SEASHELLS,26.0,10
4975,274100,Camilla,Pablo,VOLCANIC_ROCK_VOUCHER_10250,SEASHELLS,25.0,12
4994,275000,Camilla,Penelope,VOLCANIC_ROCK_VOUCHER_10250,SEASHELLS,25.0,10
5025,276700,Camilla,Caesar,VOLCANIC_ROCK_VOUCHER_10250,SEASHELLS,17.0,15
5041,277800,Camilla,Caesar,VOLCANIC_ROCK_VOUCHER_10250,SEASHELLS,17.0,16
5060,278700,Camilla,Caesar,VOLCANIC_ROCK_VOUCHER_10250,SEASHELLS,18.0,14
5086,280300,Camilla,Pablo,VOLCANIC_ROCK_VOUCHER_10250,SEASHELLS,18.0,8
5091,280400,Camilla,Caesar,VOLCANIC_ROCK_VOUCHER_10250,SEASHELLS,18.0,12
5156,284800,Camilla,Caesar,VOLCANIC_ROCK_VOUCHER_10250,SEASHELLS,23.0,12
5157,284800,Penelope,Camilla,VOLCANIC_ROCK_VOUCHER_10250,SEASHELLS,24.0,13
5265,291800,Camilla,Caesar,VOLCANIC_ROCK_VOUCHER_10250,SEASHELLS,29.0,19
5294,293800,Camilla,Caesar,VOLCANIC_ROCK_VOUCHER_10250,SEASHELLS,29.0,10
5300,294000,Camilla,Caesar,VOLCANIC_ROCK_VOUCHER_10250,SEASHELLS,30.0,16
5324,295100,Camilla,Caesar,VOLCANIC_ROCK_VOUCHER_10250,SEASHELLS,28.0,12
5325,295100,Caesar,Caesar,VOLCANIC_ROCK_VOUCHER_10250,SEASHELLS,28.0,1
5367,296900,Camilla,Caesar,VOLCANIC_ROCK_VOUCHER_10250,SEASHELLS,30.0,10
5419,299500,Camilla,Caesar,VOLCANIC_ROCK_VOUCHER_10250,SEASHELLS,33.0,16
5431,299900,Camilla,Caesar,VOLCANIC_ROCK_VOUCHER_10250,SEASHELLS,33.0,19
5469,301900,Penelope,Camilla,VOLCANIC_ROCK_VOUCHER_10250,SEASHELLS,39.0,16
5475,302200,Camilla,Caesar,VOLCANIC_ROCK_VOUCHER_10250,SEASHELLS,39.0,19
5489,303500,Camilla,Caesar,VOLCANIC_ROCK_VOUCHER_10250,SEASHELLS,36.0,11
5524,305200,Camilla,Pablo,VOLCANIC_ROCK_VOUCHER_10250,SEASHELLS,35.0,8
5534,305400,Camilla,Caesar,VOLCANIC_ROCK_VOUCHER_10250,SEASHELLS,36.0,16
5535,305400,Caesar,Caesar,VOLCANIC_ROCK_VOUCHER_10250,SEASHELLS,36.0,1
5569,307100,Camilla,Pablo,VOLCANIC_ROCK_VOUCHER_10250,SEASHELLS,33.0,9
5584,307800,Camilla,Caesar,VOLCANIC_ROCK_VOUCHER_10250,SEASHELLS,33.0,18
5592,308000,Camilla,Caesar,VOLCANIC_ROCK_VOUCHER_10250,SEASHELLS,32.0,15
5593,308000,Caesar,Caesar,VOLCANIC_ROCK_VOUCHER_10250,SEASHELLS,32.0,1
5601,308200,Camilla,Pablo,VOLCANIC_ROCK_VOUCHER_10250,SEASHELLS,33.0,14
5631,309400,Camilla,Caesar,VOLCANIC_ROCK_VOUCHER_10250,SEASHELLS,33.0,19
5632,309400,Caesar,Caesar,VOLCANIC_ROCK_VOUCHER_10250,SEASHELLS,33.0,1
5641,309600,Camilla,Caesar,VOLCANIC_ROCK_VOUCHER_10250,SEASHELLS,35.0,10
5649,309900,Camilla,Pablo,VOLCANIC_ROCK_VOUCHER_10250,SEASHELLS,34.0,14
5687,313200,Camilla,Caesar,VOLCANIC_ROCK_VOUCHER_10250,SEASHELLS,27.0,20
5711,314700,Camilla,Caesar,VOLCANIC_ROCK_VOUCHER_10250,SEASHELLS,28.0,12
5728,315300,Camilla,Caesar,VOLCANIC_ROCK_VOUCHER_10250,SEASHELLS,29.0,12
5742,315700,Camilla,Caesar,VOLCANIC_ROCK_VOUCHER_10250,SEASHELLS,28.0,14
5771,317100,Camilla,Caesar,VOLCANIC_ROCK_VOUCHER_10250,SEASHELLS,28.0,15
5772,317100,Caesar,Caesar,VOLCANIC_ROCK_VOUCHER_10250,SEASHELLS,28.0,2
5781,317200,Camilla,Caesar,VOLCANIC_ROCK_VOUCHER_10250,SEASHELLS,28.0,11
5798,317500,Camilla,Caesar,VOLCANIC_ROCK_VOUCHER_10250,SEASHELLS,29.0,10
5799,317500,Caesar,Caesar,VOLCANIC_ROCK_VOUCHER_10250,SEASHELLS,29.0,2
5844,320200,Camilla,Caesar,VOLCANIC_ROCK_VOUCHER_10250,SEASHELLS,28.0,10
5845,320200,Caesar,Caesar,VOLCANIC_ROCK_VOUCHER_10250,SEASHELLS,28.0,2
5855,320500,Camilla,Caesar,VOLCANIC_ROCK_VOUCHER_10250,SEASHELLS,29.0,10
5872,321000,Camilla,Caesar,VOLCANIC_ROCK_VOUCHER_10250,SEASHELLS,30.0,17
5877,321100,Camilla,Pablo,VOLCANIC_ROCK_VOUCHER_10250,SEASHELLS,30.0,9
5888,321800,Camilla,Caesar,VOLCANIC_ROCK_VOUCHER_10250,SEASHELLS,30.0,12
5895,322000,Camilla,Pablo,VOLCANIC_ROCK_VOUCHER_10250,SEASHELLS,30.0,9
5908,322500,Camilla,Caesar,VOLCANIC_ROCK_VOUCHER_10250,SEASHELLS,28.0,18
5909,322500,Caesar,Caesar,VOLCANIC_ROCK_VOUCHER_10250,SEASHELLS,28.0,1
5933,323800,Penelope,Camilla,VOLCANIC_ROCK_VOUCHER_10250,SEASHELLS,28.0,16
5980,326900,Camilla,Caesar,VOLCANIC_ROCK_VOUCHER_10250,SEASHELLS,22.0,12
6012,329000,Camilla,Caesar,VOLCANIC_ROCK_VOUCHER_10250,SEASHELLS,22.0,19
6013,329000,Caesar,Caesar,VOLCANIC_ROCK_VOUCHER_10250,SEASHELLS,22.0,1
6061,331200,Camilla,Pablo,VOLCANIC_ROCK_VOUCHER_10250,SEASHELLS,19.0,14
6073,331500,Camilla,Caesar,VOLCANIC_ROCK_VOUCHER_10250,SEASHELLS,19.0,13
6089,332100,Camilla,Caesar,VOLCANIC_ROCK_VOUCHER_10250,SEASHELLS,20.0,10
6096,332500,Camilla,Caesar,VOLCANIC_ROCK_VOUCHER_10250,SEASHELLS,22.0,12
6107,332700,Penelope,Camilla,VOLCANIC_ROCK_VOUCHER_10250,SEASHELLS,23.0,15
6108,332700,Penelope,Caesar,VOLCANIC_ROCK_VOUCHER_10250,SEASHELLS,23.0,2
6121,333700,Camilla,Caesar,VOLCANIC_ROCK_VOUCHER_10250,SEASHELLS,23.0,16
6155,335200,Camilla,Caesar,VOLCANIC_ROCK_VOUCHER_10250,SEASHELLS,23.0,14
6156,335200,Caesar,Caesar,VOLCANIC_ROCK_VOUCHER_10250,SEASHELLS,23.0,2
6203,338100,Camilla,Caesar,VOLCANIC_ROCK_VOUCHER_10250,SEASHELLS,25.0,10
6204,338100,Caesar,Caesar,VOLCANIC_ROCK_VOUCHER_10250,SEASHELLS,25.0,1
6255,342100,Camilla,Caesar,VOLCANIC_ROCK_VOUCHER_10250,SEASHELLS,25.0,13
6280,343500,Camilla,Caesar,VOLCANIC_ROCK_VOUCHER_10250,SEASHELLS,25.0,10
6294,343800,Camilla,Pablo,VOLCANIC_ROCK_VOUCHER_10250,SEASHELLS,25.0,15
6316,345500,Camilla,Caesar,VOLCANIC_ROCK_VOUCHER_10250,SEASHELLS,25.0,14
6326,345700,Camilla,Caesar,VOLCANIC_ROCK_VOUCHER_10250,SEASHELLS,26.0,19
6327,345700,Caesar,Caesar,VOLCANIC_ROCK_VOUCHER_10250,SEASHELLS,26.0,1
6362,347700,Camilla,Caesar,VOLCANIC_ROCK_VOUCHER_10250,SEASHELLS,25.0,10
6371,348200,Camilla,Caesar,VOLCANIC_ROCK_VOUCHER_10250,SEASHELLS,27.0,13
6393,349400,Camilla,Caesar,VOLCANIC_ROCK_VOUCHER_10250,SEASHELLS,24.0,16
6409,349900,Camilla,Caesar,VOLCANIC_ROCK_VOUCHER_10250,SEASHELLS,26.0,18
6410,349900,Caesar,Caesar,VOLCANIC_ROCK_VOUCHER_10250,SEASHELLS,26.0,1
6419,350000,Camilla,Caesar,VOLCANIC_ROCK_VOUCHER_10250,SEASHELLS,26.0,11
6436,350800,Camilla,Pablo,VOLCANIC_ROCK_VOUCHER_10250,SEASHELLS,26.0,14
6437,350800,Caesar,Pablo,VOLCANIC_ROCK_VOUCHER_10250,SEASHELLS,26.0,1
6493,353800,Camilla,Caesar,VOLCANIC_ROCK_VOUCHER_10250,SEASHELLS,26.0,11
6494,353800,Caesar,Caesar,VOLCANIC_ROCK_VOUCHER_10250,SEASHELLS,26.0,1
6508,354000,Camilla,Caesar,VOLCANIC_ROCK_VOUCHER_10250,SEASHELLS,26.0,10
6509,354000,Caesar,Caesar,VOLCANIC_ROCK_VOUCHER_10250,SEASHELLS,26.0,1
6527,354200,Camilla,Pablo,VOLCANIC_ROCK_VOUCHER_10250,SEASHELLS,26.0,13
6557,355500,Camilla,Caesar,VOLCANIC_ROCK_VOUCHER_10250,SEASHELLS,26.0,17
6558,355500,Caesar,Caesar,VOLCANIC_ROCK_VOUCHER_10250,SEASHELLS,26.0,1
6571,355800,Camilla,Pablo,VOLCANIC_ROCK_VOUCHER_10250,SEASHELLS,27.0,9
6584,356500,Camilla,Caesar,VOLCANIC_ROCK_VOUCHER_10250,SEASHELLS,27.0,10
6597,356900,Camilla,Caesar,VOLCANIC_ROCK_VOUCHER_10250,SEASHELLS,27.0,14
6604,357200,Camilla,Caesar,VOLCANIC_ROCK_VOUCHER_10250,SEASHELLS,27.0,11
6628,358500,Camilla,Pablo,VOLCANIC_ROCK_VOUCHER_10250,SEASHELLS,24.0,12
6634,358600,Camilla,Pablo,VOLCANIC_ROCK_VOUCHER_10250,SEASHELLS,24.0,13
6642,358700,Camilla,Caesar,VOLCANIC_ROCK_VOUCHER_10250,SEASHELLS,24.0,11
6643,358700,Caesar,Caesar,VOLCANIC_ROCK_VOUCHER_10250,SEASHELLS,24.0,1
6667,359600,Penelope,Camilla,VOLCANIC_ROCK_VOUCHER_10250,SEASHELLS,24.0,10
6668,359600,Penelope,Caesar,VOLCANIC_ROCK_VOUCHER_10250,SEASHELLS,24.0,1
6684,360500,Camilla,Caesar,VOLCANIC_ROCK_VOUCHER_10250,SEASHELLS,22.0,10
6712,362500,Camilla,Caesar,VOLCANIC_ROCK_VOUCHER_10250,SEASHELLS,21.0,12
6713,362500,Caesar,Caesar,VOLCANIC_ROCK_VOUCHER_10250,SEASHELLS,21.0,2
6732,362900,Penelope,Camilla,VOLCANIC_ROCK_VOUCHER_10250,SEASHELLS,21.0,10
6733,362900,Penelope,Caesar,VOLCANIC_ROCK_VOUCHER_10250,SEASHELLS,21.0,1
6748,363300,Camilla,Caesar,VOLCANIC_ROCK_VOUCHER_10250,SEASHELLS,20.0,12
6854,367900,Camilla,Caesar,VOLCANIC_ROCK_VOUCHER_10250,SEASHELLS,18.0,11
6862,368200,Camilla,Caesar,VOLCANIC_ROCK_VOUCHER_10250,SEASHELLS,18.0,12
6904,370800,Camilla,Caesar,VOLCANIC_ROCK_VOUCHER_10250,SEASHELLS,21.0,11
6920,371700,Camilla,Caesar,VOLCANIC_ROCK_VOUCHER_10250,SEASHELLS,20.0,19
6921,371700,Caesar,Caesar,VOLCANIC_ROCK_VOUCHER_10250,SEASHELLS,20.0,1
6940,372300,Camilla,Caesar,VOLCANIC_ROCK_VOUCHER_10250,SEASHELLS,21.0,17
6948,372700,Camilla,Caesar,VOLCANIC_ROCK_VOUCHER_10250,SEASHELLS,20.0,10
6972,373800,Camilla,Caesar,VOLCANIC_ROCK_VOUCHER_10250,SEASHELLS,22.0,17
6992,375100,Camilla,Caesar,VOLCANIC_ROCK_VOUCHER_10250,SEASHELLS,21.0,11
7032,377400,Camilla,Caesar,VOLCANIC_ROCK_VOUCHER_10250,SEASHELLS,22.0,16
7033,377400,Caesar,Caesar,VOLCANIC_ROCK_VOUCHER_10250,SEASHELLS,22.0,1
7041,377600,Camilla,Caesar,VOLCANIC_ROCK_VOUCHER_10250,SEASHELLS,22.0,13
7068,379100,Camilla,Caesar,VOLCANIC_ROCK_VOUCHER_10250,SEASHELLS,20.0,13
7069,379100,Caesar,Caesar,VOLCANIC_ROCK_VOUCHER_10250,SEASHELLS,20.0,1
7095,381000,Camilla,Caesar,VOLCANIC_ROCK_VOUCHER_10250,SEASHELLS,20.0,18
7096,381000,Caesar,Caesar,VOLCANIC_ROCK_VOUCHER_10250,SEASHELLS,20.0,1
7128,382900,Camilla,Caesar,VOLCANIC_ROCK_VOUCHER_10250,SEASHELLS,19.0,13
7133,383000,Camilla,Caesar,VOLCANIC_ROCK_VOUCHER_10250,SEASHELLS,19.0,19
7154,383800,Camilla,Caesar,VOLCANIC_ROCK_VOUCHER_10250,SEASHELLS,21.0,17
7167,384700,Camilla,Caesar,VOLCANIC_ROCK_VOUCHER_10250,SEASHELLS,19.0,12
7173,385100,Camilla,Caesar,VOLCANIC_ROCK_VOUCHER_10250,SEASHELLS,18.0,12
7185,385600,Camilla,Caesar,VOLCANIC_ROCK_VOUCHER_10250,SEASHELLS,19.0,12
7186,385600,Caesar,Caesar,VOLCANIC_ROCK_VOUCHER_10250,SEASHELLS,19.0,1
7224,387100,Camilla,Caesar,VOLCANIC_ROCK_VOUCHER_10250,SEASHELLS,19.0,10
7225,387100,Caesar,Caesar,VOLCANIC_ROCK_VOUCHER_10250,SEASHELLS,19.0,2
7244,387700,Camilla,Caesar,VOLCANIC_ROCK_VOUCHER_10250,SEASHELLS,19.0,16
7280,389600,Camilla,Pablo,VOLCANIC_ROCK_VOUCHER_10250,SEASHELLS,18.0,6
7323,392800,Camilla,Caesar,VOLCANIC_ROCK_VOUCHER_10250,SEASHELLS,18.0,15
7324,392800,Caesar,Caesar,VOLCANIC_ROCK_VOUCHER_10250,SEASHELLS,18.0,1
7337,393000,Camilla,Pablo,VOLCANIC_ROCK_VOUCHER_10250,SEASHELLS,18.0,11
7344,393100,Camilla,Pablo,VOLCANIC_ROCK_VOUCHER_10250,SEASHELLS,18.0,10
7359,393500,Camilla,Penelope,VOLCANIC_ROCK_VOUCHER_10250,SEASHELLS,18.0,16
7368,394300,Camilla,Caesar,VOLCANIC_ROCK_VOUCHER_10250,SEASHELLS,18.0,17
7449,399200,Camilla,Pablo,VOLCANIC_ROCK_VOUCHER_10250,SEASHELLS,24.0,10
7487,401300,Camilla,Caesar,VOLCANIC_ROCK_VOUCHER_10250,SEASHELLS,21.0,12
7488,401300,Caesar,Caesar,VOLCANIC_ROCK_VOUCHER_10250,SEASHELLS,21.0,1
7498,401500,Camilla,Caesar,VOLCANIC_ROCK_VOUCHER_10250,SEASHELLS,21.0,12
7513,402000,Camilla,Caesar,VOLCANIC_ROCK_VOUCHER_10250,SEASHELLS,20.0,14
7528,402400,Camilla,Caesar,VOLCANIC_ROCK_VOUCHER_10250,SEASHELLS,18.0,12
7563,404400,Camilla,Caesar,VOLCANIC_ROCK_VOUCHER_10250,SEASHELLS,17.0,15
7587,405200,Camilla,Caesar,VOLCANIC_ROCK_VOUCHER_10250,SEASHELLS,17.0,13
7610,407100,Camilla,Caesar,VOLCANIC_ROCK_VOUCHER_10250,SEASHELLS,18.0,13
7661,410500,Camilla,Caesar,VOLCANIC_ROCK_VOUCHER_10250,SEASHELLS,13.0,15
7731,413800,Camilla,Penelope,VOLCANIC_ROCK_VOUCHER_10250,SEASHELLS,16.0,11
7741,414400,Camilla,Caesar,VOLCANIC_ROCK_VOUCHER_10250,SEASHELLS,14.0,10
7742,414400,Caesar,Caesar,VOLCANIC_ROCK_VOUCHER_10250,SEASHELLS,14.0,2
7753,414600,Camilla,Caesar,VOLCANIC_ROCK_VOUCHER_10250,SEASHELLS,15.0,20
7767,415600,Camilla,Caesar,VOLCANIC_ROCK_VOUCHER_10250,SEASHELLS,14.0,11
7812,418300,Camilla,Caesar,VOLCANIC_ROCK_VOUCHER_10250,SEASHELLS,15.0,10
7868,421900,Camilla,Pablo,VOLCANIC_ROCK_VOUCHER_10250,SEASHELLS,16.0,13
7879,422400,Camilla,Pablo,VOLCANIC_ROCK_VOUCHER_10250,SEASHELLS,16.0,12
7962,426600,Camilla,Caesar,VOLCANIC_ROCK_VOUCHER_10250,SEASHELLS,17.0,12
7963,426600,Caesar,Caesar,VOLCANIC_ROCK_VOUCHER_10250,SEASHELLS,17.0,1
7987,427800,Camilla,Caesar,VOLCANIC_ROCK_VOUCHER_10250,SEASHELLS,17.0,11
8014,429500,Camilla,Caesar,VOLCANIC_ROCK_VOUCHER_10250,SEASHELLS,16.0,17
8064,432900,Camilla,Caesar,VOLCANIC_ROCK_VOUCHER_10250,SEASHELLS,15.0,14
8089,434800,Camilla,Caesar,VOLCANIC_ROCK_VOUCHER_10250,SEASHELLS,15.0,11
8097,435200,Camilla,Caesar,VOLCANIC_ROCK_VOUCHER_10250,SEASHELLS,15.0,10
8108,435600,Camilla,Caesar,VOLCANIC_ROCK_VOUCHER_10250,SEASHELLS,15.0,13
8117,435700,Camilla,Caesar,VOLCANIC_ROCK_VOUCHER_10250,SEASHELLS,15.0,18
8137,436500,Camilla,Caesar,VOLCANIC_ROCK_VOUCHER_10250,SEASHELLS,15.0,13
8138,436500,Caesar,Caesar,VOLCANIC_ROCK_VOUCHER_10250,SEASHELLS,15.0,1
8193,439400,Camilla,Caesar,VOLCANIC_ROCK_VOUCHER_10250,SEASHELLS,14.0,12
8208,440500,Camilla,Caesar,VOLCANIC_ROCK_VOUCHER_10250,SEASHELLS,15.0,11
8228,441600,Camilla,Caesar,VOLCANIC_ROCK_VOUCHER_10250,SEASHELLS,16.0,14
8229,441600,Caesar,Caesar,VOLCANIC_ROCK_VOUCHER_10250,SEASHELLS,16.0,1
8240,442000,Camilla,Caesar,VOLCANIC_ROCK_VOUCHER_10250,SEASHELLS,17.0,17
8241,442000,Caesar,Caesar,VOLCANIC_ROCK_VOUCHER_10250,SEASHELLS,17.0,2
8249,442100,Camilla,Caesar,VOLCANIC_ROCK_VOUCHER_10250,SEASHELLS,17.0,13
8258,442900,Camilla,Pablo,VOLCANIC_ROCK_VOUCHER_10250,SEASHELLS,18.0,10
8277,443700,Camilla,Caesar,VOLCANIC_ROCK_VOUCHER_10250,SEASHELLS,18.0,11
8292,444500,Camilla,Penelope,VOLCANIC_ROCK_VOUCHER_10250,SEASHELLS,19.0,16
8293,444500,Caesar,Penelope,VOLCANIC_ROCK_VOUCHER_10250,SEASHELLS,19.0,2
8300,444600,Camilla,Caesar,VOLCANIC_ROCK_VOUCHER_10250,SEASHELLS,18.0,10
8301,444600,Caesar,Caesar,VOLCANIC_ROCK_VOUCHER_10250,SEASHELLS,18.0,2
8318,445000,Camilla,Caesar,VOLCANIC_ROCK_VOUCHER_10250,SEASHELLS,18.0,11
8329,445500,Camilla,Caesar,VOLCANIC_ROCK_VOUCHER_10250,SEASHELLS,18.0,11
8344,446800,Camilla,Pablo,VOLCANIC_ROCK_VOUCHER_10250,SEASHELLS,22.0,8
8370,448300,Camilla,Caesar,VOLCANIC_ROCK_VOUCHER_10250,SEASHELLS,23.0,10
8384,449100,Camilla,Caesar,VOLCANIC_ROCK_VOUCHER_10250,SEASHELLS,24.0,17
8392,449600,Camilla,Caesar,VOLCANIC_ROCK_VOUCHER_10250,SEASHELLS,24.0,12
8393,449600,Caesar,Caesar,VOLCANIC_ROCK_VOUCHER_10250,SEASHELLS,24.0,2
8402,449700,Camilla,Penelope,VOLCANIC_ROCK_VOUCHER_10250,SEASHELLS,24.0,12
8408,449900,Camilla,Caesar,VOLCANIC_ROCK_VOUCHER_10250,SEASHELLS,23.0,15
8409,449900,Caesar,Caesar,VOLCANIC_ROCK_VOUCHER_10250,SEASHELLS,23.0,2
8420,450400,Camilla,Caesar,VOLCANIC_ROCK_VOUCHER_10250,SEASHELLS,21.0,11
8421,450400,Caesar,Caesar,VOLCANIC_ROCK_VOUCHER_10250,SEASHELLS,21.0,1
8448,451700,Camilla,Caesar,VOLCANIC_ROCK_VOUCHER_10250,SEASHELLS,21.0,13
8453,451800,Camilla,Caesar,VOLCANIC_ROCK_VOUCHER_10250,SEASHELLS,22.0,13
8482,453900,Camilla,Pablo,VOLCANIC_ROCK_VOUCHER_10250,SEASHELLS,19.0,11
8483,453900,Caesar,Pablo,VOLCANIC_ROCK_VOUCHER_10250,SEASHELLS,19.0,1
8516,456300,Camilla,Pablo,VOLCANIC_ROCK_VOUCHER_10250,SEASHELLS,18.0,13
8517,456300,Caesar,Pablo,VOLCANIC_ROCK_VOUCHER_10250,SEASHELLS,18.0,2
8528,456800,Camilla,Caesar,VOLCANIC_ROCK_VOUCHER_10250,SEASHELLS,18.0,10
8565,458500,Camilla,Caesar,VOLCANIC_ROCK_VOUCHER_10250,SEASHELLS,19.0,19
8566,458500,Caesar,Caesar,VOLCANIC_ROCK_VOUCHER_10250,SEASHELLS,19.0,1
8584,459100,Camilla,Caesar,VOLCANIC_ROCK_VOUCHER_10250,SEASHELLS,21.0,16
8629,461600,Camilla,Caesar,VOLCANIC_ROCK_VOUCHER_10250,SEASHELLS,22.0,16
8664,463700,Camilla,Pablo,VOLCANIC_ROCK_VOUCHER_10250,SEASHELLS,25.0,8
8689,465400,Camilla,Pablo,VOLCANIC_ROCK_VOUCHER_10250,SEASHELLS,24.0,13
8712,466800,Camilla,Penelope,VOLCANIC_ROCK_VOUCHER_10250,SEASHELLS,23.0,15
8729,467600,Camilla,Caesar,VOLCANIC_ROCK_VOUCHER_10250,SEASHELLS,21.0,12
8730,467600,Caesar,Caesar,VOLCANIC_ROCK_VOUCHER_10250,SEASHELLS,21.0,2
8740,467800,Camilla,Caesar,VOLCANIC_ROCK_VOUCHER_10250,SEASHELLS,22.0,13
8749,468100,Camilla,Caesar,VOLCANIC_ROCK_VOUCHER_10250,SEASHELLS,22.0,14
8750,468100,Caesar,Caesar,VOLCANIC_ROCK_VOUCHER_10250,SEASHELLS,22.0,2
8787,470000,Camilla,Caesar,VOLCANIC_ROCK_VOUCHER_10250,SEASHELLS,25.0,12
8788,470000,Caesar,Caesar,VOLCANIC_ROCK_VOUCHER_10250,SEASHELLS,25.0,1
8797,470300,Camilla,Pablo,VOLCANIC_ROCK_VOUCHER_10250,SEASHELLS,25.0,6
8806,470700,Camilla,Caesar,VOLCANIC_ROCK_VOUCHER_10250,SEASHELLS,27.0,11
8818,471000,Camilla,Caesar,VOLCANIC_ROCK_VOUCHER_10250,SEASHELLS,26.0,10
8838,472000,Camilla,Caesar,VOLCANIC_ROCK_VOUCHER_10250,SEASHELLS,25.0,10
8861,473100,Camilla,Caesar,VOLCANIC_ROCK_VOUCHER_10250,SEASHELLS,25.0,11
8875,473800,Camilla,Pablo,VOLCANIC_ROCK_VOUCHER_10250,SEASHELLS,24.0,15
8944,477100,Camilla,Caesar,VOLCANIC_ROCK_VOUCHER_10250,SEASHELLS,22.0,14
8945,477100,Caesar,Caesar,VOLCANIC_ROCK_VOUCHER_10250,SEASHELLS,22.0,1
8962,477700,Camilla,Caesar,VOLCANIC_ROCK_VOUCHER_10250,SEASHELLS,21.0,10
8976,478200,Camilla,Caesar,VOLCANIC_ROCK_VOUCHER_10250,SEASHELLS,22.0,12
8995,479000,Camilla,Caesar,VOLCANIC_ROCK_VOUCHER_10250,SEASHELLS,22.0,13
8996,479000,Caesar,Caesar,VOLCANIC_ROCK_VOUCHER_10250,SEASHELLS,22.0,2
9019,480300,Camilla,Caesar,VOLCANIC_ROCK_VOUCHER_10250,SEASHELLS,25.0,17
9026,480700,Camilla,Caesar,VOLCANIC_ROCK_VOUCHER_10250,SEASHELLS,23.0,12
9027,480700,Caesar,Caesar,VOLCANIC_ROCK_VOUCHER_10250,SEASHELLS,23.0,1
9034,480800,Penelope,Camilla,VOLCANIC_ROCK_VOUCHER_10250,SEASHELLS,24.0,10
9035,480800,Penelope,Caesar,VOLCANIC_ROCK_VOUCHER_10250,SEASHELLS,24.0,1
9073,482900,Penelope,Camilla,VOLCANIC_ROCK_VOUCHER_10250,SEASHELLS,24.0,15
9074,482900,Penelope,Caesar,VOLCANIC_ROCK_VOUCHER_10250,SEASHELLS,24.0,1
9086,483800,Camilla,Caesar,VOLCANIC_ROCK_VOUCHER_10250,SEASHELLS,24.0,12
9113,485300,Camilla,Caesar,VOLCANIC_ROCK_VOUCHER_10250,SEASHELLS,21.0,11
9114,485300,Caesar,Caesar,VOLCANIC_ROCK_VOUCHER_10250,SEASHELLS,21.0,1
9131,486100,Camilla,Caesar,VOLCANIC_ROCK_VOUCHER_10250,SEASHELLS,21.0,10
9177,489400,Camilla,Caesar,VOLCANIC_ROCK_VOUCHER_10250,SEASHELLS,20.0,11
9222,492200,Camilla,Caesar,VOLCANIC_ROCK_VOUCHER_10250,SEASHELLS,29.0,11
9223,492200,Caesar,Caesar,VOLCANIC_ROCK_VOUCHER_10250,SEASHELLS,29.0,2
9239,492900,Camilla,Pablo,VOLCANIC_ROCK_VOUCHER_10250,SEASHELLS,30.0,14
9276,494700,Camilla,Pablo,VOLCANIC_ROCK_VOUCHER_10250,SEASHELLS,28.0,7
9296,495800,Camilla,Caesar,VOLCANIC_ROCK_VOUCHER_10250,SEASHELLS,28.0,12
9297,495800,Caesar,Caesar,VOLCANIC_ROCK_VOUCHER_10250,SEASHELLS,28.0,2
9312,496100,Camilla,Caesar,VOLCANIC_ROCK_VOUCHER_10250,SEASHELLS,27.0,13
9353,498000,Camilla,Caesar,VOLCANIC_ROCK_VOUCHER_10250,SEASHELLS,27.0,10
9370,498600,Camilla,Pablo,VOLCANIC_ROCK_VOUCHER_10250,SEASHELLS,25.0,14
9396,500500,Camilla,Caesar,VOLCANIC_ROCK_VOUCHER_10250,SEASHELLS,26.0,12
9397,500500,Caesar,Caesar,VOLCANIC_ROCK_VOUCHER_10250,SEASHELLS,26.0,2
9430,502300,Camilla,Caesar,VOLCANIC_ROCK_VOUCHER_10250,SEASHELLS,28.0,16
9431,502300,Caesar,Caesar,VOLCANIC_ROCK_VOUCHER_10250,SEASHELLS,28.0,2
9445,502600,Camilla,Caesar,VOLCANIC_ROCK_VOUCHER_10250,SEASHELLS,27.0,12
9446,502600,Caesar,Caesar,VOLCANIC_ROCK_VOUCHER_10250,SEASHELLS,27.0,2
9474,504300,Camilla,Caesar,VOLCANIC_ROCK_VOUCHER_10250,SEASHELLS,28.0,11
9506,505900,Camilla,Caesar,VOLCANIC_ROCK_VOUCHER_10250,SEASHELLS,27.0,15
9540,508100,Camilla,Pablo,VOLCANIC_ROCK_VOUCHER_10250,SEASHELLS,27.0,7
9571,509700,Penelope,Caesar,VOLCANIC_ROCK_VOUCHER_10250,SEASHELLS,25.0,2
9595,511100,Camilla,Caesar,VOLCANIC_ROCK_VOUCHER_10250,SEASHELLS,24.0,11
9618,512800,Camilla,Caesar,VOLCANIC_ROCK_VOUCHER_10250,SEASHELLS,28.0,10
9619,512800,Caesar,Caesar,VOLCANIC_ROCK_VOUCHER_10250,SEASHELLS,28.0,2
9655,515100,Camilla,Pablo,VOLCANIC_ROCK_VOUCHER_10250,SEASHELLS,28.0,10
9675,516500,Camilla,Caesar,VOLCANIC_ROCK_VOUCHER_10250,SEASHELLS,30.0,12
9721,519300,Camilla,Caesar,VOLCANIC_ROCK_VOUCHER_10250,SEASHELLS,30.0,16
9722,519300,Caesar,Caesar,VOLCANIC_ROCK_VOUCHER_10250,SEASHELLS,30.0,2
9798,523200,Camilla,Caesar,VOLCANIC_ROCK_VOUCHER_10250,SEASHELLS,36.0,14
9811,523900,Camilla,Caesar,VOLCANIC_ROCK_VOUCHER_10250,SEASHELLS,33.0,14
9812,523900,Camilla,Penelope,VOLCANIC_ROCK_VOUCHER_10250,SEASHELLS,33.0,1
9859,527300,Camilla,Caesar,VOLCANIC_ROCK_VOUCHER_10250,SEASHELLS,33.0,18
9860,527300,Caesar,Caesar,VOLCANIC_ROCK_VOUCHER_10250,SEASHELLS,33.0,1
9890,529100,Camilla,Caesar,VOLCANIC_ROCK_VOUCHER_10250,SEASHELLS,33.0,10
9933,531900,Camilla,Penelope,VOLCANIC_ROCK_VOUCHER_10250,SEASHELLS,33.0,14
9934,531900,Caesar,Penelope,VOLCANIC_ROCK_VOUCHER_10250,SEASHELLS,33.0,2
9987,535700,Camilla,Caesar,VOLCANIC_ROCK_VOUCHER_10250,SEASHELLS,39.0,16
9988,535700,Caesar,Caesar,VOLCANIC_ROCK_VOUCHER_10250,SEASHELLS,39.0,1
10030,537400,Camilla,Caesar,VOLCANIC_ROCK_VOUCHER_10250,SEASHELLS,34.0,13
10031,537400,Caesar,Caesar,VOLCANIC_ROCK_VOUCHER_10250,SEASHELLS,34.0,1
10048,538400,Camilla,Caesar,VOLCANIC_ROCK_VOUCHER_10250,SEASHELLS,33.0,14
10056,538800,Camilla,Caesar,VOLCANIC_ROCK_VOUCHER_10250,SEASHELLS,32.0,15
10089,541100,Camilla,Caesar,VOLCANIC_ROCK_VOUCHER_10250,SEASHELLS,31.0,18
10090,541100,Caesar,Caesar,VOLCANIC_ROCK_VOUCHER_10250,SEASHELLS,31.0,1
10101,541200,Penelope,Camilla,VOLCANIC_ROCK_VOUCHER_10250,SEASHELLS,31.0,16
10120,542500,Penelope,Camilla,VOLCANIC_ROCK_VOUCHER_10250,SEASHELLS,36.0,18
10142,544000,Camilla,Penelope,VOLCANIC_ROCK_VOUCHER_10250,SEASHELLS,35.0,15
10152,544300,Camilla,Pablo,VOLCANIC_ROCK_VOUCHER_10250,SEASHELLS,35.0,11
10209,547900,Camilla,Penelope,VOLCANIC_ROCK_VOUCHER_10250,SEASHELLS,30.0,15
10245,550300,Camilla,Caesar,VOLCANIC_ROCK_VOUCHER_10250,SEASHELLS,26.0,15
10287,552600,Camilla,Caesar,VOLCANIC_ROCK_VOUCHER_10250,SEASHELLS,24.0,11
10348,556500,Camilla,Caesar,VOLCANIC_ROCK_VOUCHER_10250,SEASHELLS,26.0,17
10349,556500,Caesar,Caesar,VOLCANIC_ROCK_VOUCHER_10250,SEASHELLS,26.0,2
10371,557500,Penelope,Camilla,VOLCANIC_ROCK_VOUCHER_10250,SEASHELLS,28.0,12
10376,557600,Camilla,Caesar,VOLCANIC_ROCK_VOUCHER_10250,SEASHELLS,28.0,10
10400,558700,Camilla,Caesar,VOLCANIC_ROCK_VOUCHER_10250,SEASHELLS,25.0,10
10410,559600,Camilla,Penelope,VOLCANIC_ROCK_VOUCHER_10250,SEASHELLS,25.0,12
10452,563900,Camilla,Caesar,VOLCANIC_ROCK_VOUCHER_10250,SEASHELLS,26.0,16
10467,564500,Camilla,Caesar,VOLCANIC_ROCK_VOUCHER_10250,SEASHELLS,26.0,11
10520,567100,Camilla,Pablo,VOLCANIC_ROCK_VOUCHER_10250,SEASHELLS,26.0,9
10538,568200,Camilla,Caesar,VOLCANIC_ROCK_VOUCHER_10250,SEASHELLS,27.0,12
10565,570100,Camilla,Caesar,VOLCANIC_ROCK_VOUCHER_10250,SEASHELLS,27.0,11
10580,571200,Camilla,Pablo,VOLCANIC_ROCK_VOUCHER_10250,SEASHELLS,28.0,10
10655,576400,Caesar,Penelope,VOLCANIC_ROCK_VOUCHER_10250,SEASHELLS,31.0,1
10677,577200,Camilla,Caesar,VOLCANIC_ROCK_VOUCHER_10250,SEASHELLS,29.0,12
10678,577200,Caesar,Caesar,VOLCANIC_ROCK_VOUCHER_10250,SEASHELLS,29.0,1
10719,579400,Camilla,Caesar,VOLCANIC_ROCK_VOUCHER_10250,SEASHELLS,26.0,19
10746,580400,Camilla,Caesar,VOLCANIC_ROCK_VOUCHER_10250,SEASHELLS,26.0,13
10747,580400,Caesar,Caesar,VOLCANIC_ROCK_VOUCHER_10250,SEASHELLS,26.0,2
10771,582300,Camilla,Caesar,VOLCANIC_ROCK_VOUCHER_10250,SEASHELLS,25.0,18
10789,583500,Camilla,Penelope,VOLCANIC_ROCK_VOUCHER_10250,SEASHELLS,25.0,14
10796,584600,Camilla,Caesar,VOLCANIC_ROCK_VOUCHER_10250,SEASHELLS,23.0,10
10797,584600,Caesar,Caesar,VOLCANIC_ROCK_VOUCHER_10250,SEASHELLS,23.0,1
10809,585000,Camilla,Caesar,VOLCANIC_ROCK_VOUCHER_10250,SEASHELLS,24.0,11
10810,585000,Caesar,Caesar,VOLCANIC_ROCK_VOUCHER_10250,SEASHELLS,24.0,2
10828,585700,Camilla,Caesar,VOLCANIC_ROCK_VOUCHER_10250,SEASHELLS,26.0,11
10851,587200,Camilla,Caesar,VOLCANIC_ROCK_VOUCHER_10250,SEASHELLS,24.0,10
10867,588100,Camilla,Caesar,VOLCANIC_ROCK_VOUCHER_10250,SEASHELLS,24.0,19
10890,589100,Camilla,Caesar,VOLCANIC_ROCK_VOUCHER_10250,SEASHELLS,25.0,15
10891,589100,Caesar,Caesar,VOLCANIC_ROCK_VOUCHER_10250,SEASHELLS,25.0,1
10902,589800,Camilla,Caesar,VOLCANIC_ROCK_VOUCHER_10250,SEASHELLS,26.0,15
10920,590400,Camilla,Caesar,VOLCANIC_ROCK_VOUCHER_10250,SEASHELLS,26.0,15
10921,590400,Caesar,Caesar,VOLCANIC_ROCK_VOUCHER_10250,SEASHELLS,26.0,1
10980,593000,Camilla,Caesar,VOLCANIC_ROCK_VOUCHER_10250,SEASHELLS,28.0,10
11000,593800,Camilla,Caesar,VOLCANIC_ROCK_VOUCHER_10250,SEASHELLS,27.0,11
11001,593800,Caesar,Caesar,VOLCANIC_ROCK_VOUCHER_10250,SEASHELLS,27.0,1
11089,601000,Camilla,Caesar,VOLCANIC_ROCK_VOUCHER_10250,SEASHELLS,26.0,14
11090,601000,Caesar,Caesar,VOLCANIC_ROCK_VOUCHER_10250,SEASHELLS,26.0,2
11101,601500,Camilla,Caesar,VOLCANIC_ROCK_VOUCHER_10250,SEASHELLS,25.0,19
11123,602500,Penelope,Caesar,VOLCANIC_ROCK_VOUCHER_10250,SEASHELLS,25.0,12
11134,602800,Camilla,Caesar,VOLCANIC_ROCK_VOUCHER_10250,SEASHELLS,26.0,13
11159,604000,Camilla,Caesar,VOLCANIC_ROCK_VOUCHER_10250,SEASHELLS,33.0,14
11160,604000,Camilla,Penelope,VOLCANIC_ROCK_VOUCHER_10250,SEASHELLS,33.0,1
11188,605300,Camilla,Caesar,VOLCANIC_ROCK_VOUCHER_10250,SEASHELLS,32.0,10
11189,605300,Caesar,Caesar,VOLCANIC_ROCK_VOUCHER_10250,SEASHELLS,32.0,2
11206,606000,Camilla,Pablo,VOLCANIC_ROCK_VOUCHER_10250,SEASHELLS,31.0,10
11227,607600,Penelope,Camilla,VOLCANIC_ROCK_VOUCHER_10250,SEASHELLS,30.0,15
11238,608100,Camilla,Caesar,VOLCANIC_ROCK_VOUCHER_10250,SEASHELLS,29.0,13
11283,610400,Camilla,Caesar,VOLCANIC_ROCK_VOUCHER_10250,SEASHELLS,33.0,11
11293,611300,Camilla,Caesar,VOLCANIC_ROCK_VOUCHER_10250,SEASHELLS,36.0,17
11306,612500,Camilla,Caesar,VOLCANIC_ROCK_VOUCHER_10250,SEASHELLS,33.0,11
11307,612500,Caesar,Caesar,VOLCANIC_ROCK_VOUCHER_10250,SEASHELLS,33.0,1
11319,612700,Camilla,Caesar,VOLCANIC_ROCK_VOUCHER_10250,SEASHELLS,33.0,13
11361,615200,Penelope,Camilla,VOLCANIC_ROCK_VOUCHER_10250,SEASHELLS,46.0,12
11387,616600,Camilla,Pablo,VOLCANIC_ROCK_VOUCHER_10250,SEASHELLS,47.0,12
11436,619300,Camilla,Caesar,VOLCANIC_ROCK_VOUCHER_10250,SEASHELLS,43.0,16
11445,619500,Camilla,Caesar,VOLCANIC_ROCK_VOUCHER_10250,SEASHELLS,43.0,15
11446,619500,Caesar,Caesar,VOLCANIC_ROCK_VOUCHER_10250,SEASHELLS,43.0,2
11474,621300,Camilla,Caesar,VOLCANIC_ROCK_VOUCHER_10250,SEASHELLS,41.0,10
11491,622100,Camilla,Caesar,VOLCANIC_ROCK_VOUCHER_10250,SEASHELLS,43.0,12
11525,623900,Camilla,Caesar,VOLCANIC_ROCK_VOUCHER_10250,SEASHELLS,45.0,13
11541,624200,Camilla,Caesar,VOLCANIC_ROCK_VOUCHER_10250,SEASHELLS,45.0,15
11542,624200,Caesar,Caesar,VOLCANIC_ROCK_VOUCHER_10250,SEASHELLS,45.0,1
11543,624200,Penelope,Caesar,VOLCANIC_ROCK_VOUCHER_10250,SEASHELLS,45.0,2
11564,625400,Camilla,Caesar,VOLCANIC_ROCK_VOUCHER_10250,SEASHELLS,37.0,14
11571,625600,Camilla,Caesar,VOLCANIC_ROCK_VOUCHER_10250,SEASHELLS,39.0,17
11572,625600,Caesar,Caesar,VOLCANIC_ROCK_VOUCHER_10250,SEASHELLS,39.0,2
11611,628400,Camilla,Caesar,VOLCANIC_ROCK_VOUCHER_10250,SEASHELLS,44.0,11
11626,629100,Camilla,Caesar,VOLCANIC_ROCK_VOUCHER_10250,SEASHELLS,44.0,11
11643,629800,Camilla,Caesar,VOLCANIC_ROCK_VOUCHER_10250,SEASHELLS,44.0,15
11706,634900,Camilla,Caesar,VOLCANIC_ROCK_VOUCHER_10250,SEASHELLS,53.0,10
11707,634900,Caesar,Caesar,VOLCANIC_ROCK_VOUCHER_10250,SEASHELLS,53.0,1
11758,637500,Camilla,Pablo,VOLCANIC_ROCK_VOUCHER_10250,SEASHELLS,49.0,5
11763,637600,Camilla,Caesar,VOLCANIC_ROCK_VOUCHER_10250,SEASHELLS,50.0,17
11773,638300,Camilla,Pablo,VOLCANIC_ROCK_VOUCHER_10250,SEASHELLS,43.0,5
11849,643400,Camilla,Caesar,VOLCANIC_ROCK_VOUCHER_10250,SEASHELLS,42.0,12
11863,644100,Camilla,Penelope,VOLCANIC_ROCK_VOUCHER_10250,SEASHELLS,41.0,15
11864,644100,Caesar,Penelope,VOLCANIC_ROCK_VOUCHER_10250,SEASHELLS,41.0,1
11889,645500,Camilla,Caesar,VOLCANIC_ROCK_VOUCHER_10250,SEASHELLS,42.0,12
11890,645500,Caesar,Caesar,VOLCANIC_ROCK_VOUCHER_10250,SEASHELLS,42.0,1
11905,646300,Camilla,Caesar,VOLCANIC_ROCK_VOUCHER_10250,SEASHELLS,44.0,12
11916,647300,Camilla,Caesar,VOLCANIC_ROCK_VOUCHER_10250,SEASHELLS,45.0,17
11929,648000,Penelope,Camilla,VOLCANIC_ROCK_VOUCHER_10250,SEASHELLS,43.0,12
11958,650000,Camilla,Caesar,VOLCANIC_ROCK_VOUCHER_10250,SEASHELLS,42.0,12
11972,651200,Penelope,Camilla,VOLCANIC_ROCK_VOUCHER_10250,SEASHELLS,47.0,10
11993,652300,Camilla,Pablo,VOLCANIC_ROCK_VOUCHER_10250,SEASHELLS,50.0,10
12043,654900,Camilla,Caesar,VOLCANIC_ROCK_VOUCHER_10250,SEASHELLS,50.0,11
12079,656700,Camilla,Caesar,VOLCANIC_ROCK_VOUCHER_10250,SEASHELLS,43.0,15
12107,658600,Camilla,Caesar,VOLCANIC_ROCK_VOUCHER_10250,SEASHELLS,44.0,11
12108,658600,Caesar,Caesar,VOLCANIC_ROCK_VOUCHER_10250,SEASHELLS,44.0,1
12128,660200,Camilla,Caesar,VOLCANIC_ROCK_VOUCHER_10250,SEASHELLS,44.0,15
12136,660500,Camilla,Caesar,VOLCANIC_ROCK_VOUCHER_10250,SEASHELLS,44.0,14
12160,661500,Camilla,Caesar,VOLCANIC_ROCK_VOUCHER_10250,SEASHELLS,43.0,12
12161,661500,Caesar,Caesar,VOLCANIC_ROCK_VOUCHER_10250,SEASHELLS,43.0,1
12205,664600,Camilla,Pablo,VOLCANIC_ROCK_VOUCHER_10250,SEASHELLS,60.0,9
12215,664900,Penelope,Camilla,VOLCANIC_ROCK_VOUCHER_10250,SEASHELLS,61.0,12
12234,666100,Camilla,Caesar,VOLCANIC_ROCK_VOUCHER_10250,SEASHELLS,62.0,13
12235,666100,Caesar,Caesar,VOLCANIC_ROCK_VOUCHER_10250,SEASHELLS,62.0,2
12249,666500,Camilla,Penelope,VOLCANIC_ROCK_VOUCHER_10250,SEASHELLS,58.0,10
12250,666500,Caesar,Penelope,VOLCANIC_ROCK_VOUCHER_10250,SEASHELLS,58.0,2
12251,666500,Caesar,Penelope,VOLCANIC_ROCK_VOUCHER_10250,SEASHELLS,58.0,6
12281,667100,Camilla,Caesar,VOLCANIC_ROCK_VOUCHER_10250,SEASHELLS,58.0,12
12282,667100,Caesar,Caesar,VOLCANIC_ROCK_VOUCHER_10250,SEASHELLS,58.0,1
12293,667400,Camilla,Caesar,VOLCANIC_ROCK_VOUCHER_10250,SEASHELLS,56.0,15
12294,667400,Caesar,Caesar,VOLCANIC_ROCK_VOUCHER_10250,SEASHELLS,56.0,1
12414,675700,Camilla,Caesar,VOLCANIC_ROCK_VOUCHER_10250,SEASHELLS,56.0,10
12415,675700,Caesar,Caesar,VOLCANIC_ROCK_VOUCHER_10250,SEASHELLS,56.0,1
12436,676500,Camilla,Caesar,VOLCANIC_ROCK_VOUCHER_10250,SEASHELLS,58.0,19
12466,677900,Penelope,Camilla,VOLCANIC_ROCK_VOUCHER_10250,SEASHELLS,60.0,11
12467,677900,Penelope,Caesar,VOLCANIC_ROCK_VOUCHER_10250,SEASHELLS,60.0,2
12498,679500,Camilla,Penelope,VOLCANIC_ROCK_VOUCHER_10250,SEASHELLS,62.0,10
12499,679500,Caesar,Penelope,VOLCANIC_ROCK_VOUCHER_10250,SEASHELLS,62.0,2
12523,681400,Camilla,Caesar,VOLCANIC_ROCK_VOUCHER_10250,SEASHELLS,55.0,13
12534,681700,Camilla,Caesar,VOLCANIC_ROCK_VOUCHER_10250,SEASHELLS,57.0,14
12568,683600,Camilla,Caesar,VOLCANIC_ROCK_VOUCHER_10250,SEASHELLS,60.0,19
12583,684600,Camilla,Caesar,VOLCANIC_ROCK_VOUCHER_10250,SEASHELLS,64.0,16
12606,686000,Camilla,Penelope,VOLCANIC_ROCK_VOUCHER_10250,SEASHELLS,64.0,16
12607,686000,Caesar,Penelope,VOLCANIC_ROCK_VOUCHER_10250,SEASHELLS,64.0,1
12618,686400,Camilla,Caesar,VOLCANIC_ROCK_VOUCHER_10250,SEASHELLS,60.0,11
12690,691000,Camilla,Caesar,VOLCANIC_ROCK_VOUCHER_10250,SEASHELLS,67.0,11
12697,691100,Camilla,Caesar,VOLCANIC_ROCK_VOUCHER_10250,SEASHELLS,65.0,17
12698,691100,Caesar,Caesar,VOLCANIC_ROCK_VOUCHER_10250,SEASHELLS,65.0,1
12726,692200,Penelope,Camilla,VOLCANIC_ROCK_VOUCHER_10250,SEASHELLS,63.0,12
12727,692200,Penelope,Caesar,VOLCANIC_ROCK_VOUCHER_10250,SEASHELLS,63.0,1
12738,692700,Camilla,Caesar,VOLCANIC_ROCK_VOUCHER_10250,SEASHELLS,61.0,14
12752,693200,Camilla,Caesar,VOLCANIC_ROCK_VOUCHER_10250,SEASHELLS,59.0,13
12772,693900,Camilla,Caesar,VOLCANIC_ROCK_VOUCHER_10250,SEASHELLS,56.0,10
12773,693900,Caesar,Caesar,VOLCANIC_ROCK_VOUCHER_10250,SEASHELLS,56.0,1
12786,694100,Camilla,Caesar,VOLCANIC_ROCK_VOUCHER_10250,SEASHELLS,56.0,11
12787,694100,Caesar,Caesar,VOLCANIC_ROCK_VOUCHER_10250,SEASHELLS,56.0,1
12824,697100,Camilla,Caesar,VOLCANIC_ROCK_VOUCHER_10250,SEASHELLS,56.0,13
12830,697400,Camilla,Penelope,VOLCANIC_ROCK_VOUCHER_10250,SEASHELLS,56.0,14
12838,698300,Camilla,Caesar,VOLCANIC_ROCK_VOUCHER_10250,SEASHELLS,56.0,14
12879,700700,Camilla,Caesar,VOLCANIC_ROCK_VOUCHER_10250,SEASHELLS,56.0,10
12880,700700,Caesar,Caesar,VOLCANIC_ROCK_VOUCHER_10250,SEASHELLS,56.0,1
12892,701000,Camilla,Caesar,VOLCANIC_ROCK_VOUCHER_10250,SEASHELLS,53.0,16
12910,702300,Camilla,Penelope,VOLCANIC_ROCK_VOUCHER_10250,SEASHELLS,50.0,15
12928,703600,Camilla,Pablo,VOLCANIC_ROCK_VOUCHER_10250,SEASHELLS,54.0,5
12975,705600,Camilla,Penelope,VOLCANIC_ROCK_VOUCHER_10250,SEASHELLS,63.0,14
12976,705600,Caesar,Penelope,VOLCANIC_ROCK_VOUCHER_10250,SEASHELLS,63.0,1
12994,707000,Camilla,Caesar,VOLCANIC_ROCK_VOUCHER_10250,SEASHELLS,61.0,14
13004,707300,Camilla,Penelope,VOLCANIC_ROCK_VOUCHER_10250,SEASHELLS,58.0,17
13005,707300,Caesar,Penelope,VOLCANIC_ROCK_VOUCHER_10250,SEASHELLS,58.0,1
13023,708400,Camilla,Pablo,VOLCANIC_ROCK_VOUCHER_10250,SEASHELLS,60.0,13
13050,709800,Camilla,Pablo,VOLCANIC_ROCK_VOUCHER_10250,SEASHELLS,54.0,5
13067,710600,Camilla,Caesar,VOLCANIC_ROCK_VOUCHER_10250,SEASHELLS,51.0,12
13079,711300,Camilla,Caesar,VOLCANIC_ROCK_VOUCHER_10250,SEASHELLS,53.0,14
13080,711300,Caesar,Caesar,VOLCANIC_ROCK_VOUCHER_10250,SEASHELLS,53.0,2
13086,711400,Camilla,Caesar,VOLCANIC_ROCK_VOUCHER_10250,SEASHELLS,53.0,15
13106,713500,Camilla,Caesar,VOLCANIC_ROCK_VOUCHER_10250,SEASHELLS,51.0,17
13149,716400,Camilla,Pablo,VOLCANIC_ROCK_VOUCHER_10250,SEASHELLS,58.0,7
13204,718400,Camilla,Pablo,VOLCANIC_ROCK_VOUCHER_10250,SEASHELLS,59.0,8
13215,718900,Camilla,Pablo,VOLCANIC_ROCK_VOUCHER_10250,SEASHELLS,57.0,12
13241,720500,Camilla,Caesar,VOLCANIC_ROCK_VOUCHER_10250,SEASHELLS,62.0,11
13280,722800,Camilla,Pablo,VOLCANIC_ROCK_VOUCHER_10250,SEASHELLS,59.0,5
13281,722800,Camilla,Penelope,VOLCANIC_ROCK_VOUCHER_10250,SEASHELLS,59.0,8
13292,723200,Camilla,Penelope,VOLCANIC_ROCK_VOUCHER_10250,SEASHELLS,60.0,17
13293,723200,Caesar,Penelope,VOLCANIC_ROCK_VOUCHER_10250,SEASHELLS,60.0,1
13327,725000,Camilla,Caesar,VOLCANIC_ROCK_VOUCHER_10250,SEASHELLS,56.0,10
13337,725500,Penelope,Camilla,VOLCANIC_ROCK_VOUCHER_10250,SEASHELLS,54.0,11
13343,726000,Camilla,Penelope,VOLCANIC_ROCK_VOUCHER_10250,SEASHELLS,53.0,11
13358,726700,Camilla,Penelope,VOLCANIC_ROCK_VOUCHER_10250,SEASHELLS,55.0,15
13363,726800,Camilla,Pablo,VOLCANIC_ROCK_VOUCHER_10250,SEASHELLS,54.0,11
13396,728300,Camilla,Pablo,VOLCANIC_ROCK_VOUCHER_10250,SEASHELLS,54.0,11
13437,730800,Camilla,Caesar,VOLCANIC_ROCK_VOUCHER_10250,SEASHELLS,53.0,10
13450,731400,Camilla,Caesar,VOLCANIC_ROCK_VOUCHER_10250,SEASHELLS,52.0,10
13451,731400,Caesar,Caesar,VOLCANIC_ROCK_VOUCHER_10250,SEASHELLS,52.0,2
13499,734100,Camilla,Caesar,VOLCANIC_ROCK_VOUCHER_10250,SEASHELLS,48.0,12
13537,736000,Camilla,Penelope,VOLCANIC_ROCK_VOUCHER_10250,SEASHELLS,55.0,18
13559,737100,Camilla,Caesar,VOLCANIC_ROCK_VOUCHER_10250,SEASHELLS,54.0,13
13567,737300,Camilla,Caesar,VOLCANIC_ROCK_VOUCHER_10250,SEASHELLS,56.0,17
13631,741000,Penelope,Camilla,VOLCANIC_ROCK_VOUCHER_10250,SEASHELLS,74.0,17
13646,742100,Camilla,Pablo,VOLCANIC_ROCK_VOUCHER_10250,SEASHELLS,76.0,6
13658,742700,Camilla,Caesar,VOLCANIC_ROCK_VOUCHER_10250,SEASHELLS,72.0,10
13659,742700,Caesar,Caesar,VOLCANIC_ROCK_VOUCHER_10250,SEASHELLS,72.0,2
13692,744700,Camilla,Penelope,VOLCANIC_ROCK_VOUCHER_10250,SEASHELLS,71.0,18
13731,747100,Camilla,Caesar,VOLCANIC_ROCK_VOUCHER_10250,SEASHELLS,71.0,12
13732,747100,Caesar,Caesar,VOLCANIC_ROCK_VOUCHER_10250,SEASHELLS,71.0,2
13749,747800,Camilla,Caesar,VOLCANIC_ROCK_VOUCHER_10250,SEASHELLS,68.0,11
13779,749600,Camilla,Caesar,VOLCANIC_ROCK_VOUCHER_10250,SEASHELLS,68.0,14
13794,750200,Camilla,Penelope,VOLCANIC_ROCK_VOUCHER_10250,SEASHELLS,65.0,12
13826,752500,Camilla,Caesar,VOLCANIC_ROCK_VOUCHER_10250,SEASHELLS,69.0,10
13827,752500,Caesar,Caesar,VOLCANIC_ROCK_VOUCHER_10250,SEASHELLS,69.0,1
13865,754800,Camilla,Caesar,VOLCANIC_ROCK_VOUCHER_10250,SEASHELLS,68.0,10
13884,755400,Camilla,Pablo,VOLCANIC_ROCK_VOUCHER_10250,SEASHELLS,66.0,5
13912,757300,Camilla,Caesar,VOLCANIC_ROCK_VOUCHER_10250,SEASHELLS,72.0,18
13971,762000,Camilla,Caesar,VOLCANIC_ROCK_VOUCHER_10250,SEASHELLS,76.0,13
13972,762000,Camilla,Pablo,VOLCANIC_ROCK_VOUCHER_10250,SEASHELLS,76.0,1
13973,762000,Caesar,Pablo,VOLCANIC_ROCK_VOUCHER_10250,SEASHELLS,76.0,1
14005,764500,Camilla,Caesar,VOLCANIC_ROCK_VOUCHER_10250,SEASHELLS,73.0,11
14013,764700,Camilla,Caesar,VOLCANIC_ROCK_VOUCHER_10250,SEASHELLS,74.0,16
14022,765300,Camilla,Pablo,VOLCANIC_ROCK_VOUCHER_10250,SEASHELLS,74.0,9
14072,768900,Penelope,Camilla,VOLCANIC_ROCK_VOUCHER_10250,SEASHELLS,100.0,10
14097,769700,Camilla,Penelope,VOLCANIC_ROCK_VOUCHER_10250,SEASHELLS,95.0,17
14098,769700,Caesar,Penelope,VOLCANIC_ROCK_VOUCHER_10250,SEASHELLS,95.0,2
14108,769800,Camilla,Pablo,VOLCANIC_ROCK_VOUCHER_10250,SEASHELLS,94.0,7
14109,769800,Camilla,Penelope,VOLCANIC_ROCK_VOUCHER_10250,SEASHELLS,94.0,4
14134,770700,Camilla,Caesar,VOLCANIC_ROCK_VOUCHER_10250,SEASHELLS,92.0,12
14171,773400,Camilla,Caesar,VOLCANIC_ROCK_VOUCHER_10250,SEASHELLS,100.0,10
14172,773400,Caesar,Caesar,VOLCANIC_ROCK_VOUCHER_10250,SEASHELLS,100.0,2
14182,773600,Camilla,Caesar,VOLCANIC_ROCK_VOUCHER_10250,SEASHELLS,98.0,10
14183,773600,Penelope,Camilla,VOLCANIC_ROCK_VOUCHER_10250,SEASHELLS,99.0,12
14184,773600,Penelope,Caesar,VOLCANIC_ROCK_VOUCHER_10250,SEASHELLS,99.0,1
14201,774100,Camilla,Caesar,VOLCANIC_ROCK_VOUCHER_10250,SEASHELLS,96.0,17
14215,775100,Camilla,Caesar,VOLCANIC_ROCK_VOUCHER_10250,SEASHELLS,100.0,15
14255,777500,Camilla,Caesar,VOLCANIC_ROCK_VOUCHER_10250,SEASHELLS,90.0,12
14303,781300,Camilla,Caesar,VOLCANIC_ROCK_VOUCHER_10250,SEASHELLS,99.0,16
14308,781400,Camilla,Caesar,VOLCANIC_ROCK_VOUCHER_10250,SEASHELLS,99.0,18
14318,781700,Camilla,Caesar,VOLCANIC_ROCK_VOUCHER_10250,SEASHELLS,94.0,12
14319,781700,Caesar,Caesar,VOLCANIC_ROCK_VOUCHER_10250,SEASHELLS,94.0,2
14365,784700,Camilla,Caesar,VOLCANIC_ROCK_VOUCHER_10250,SEASHELLS,92.0,15
14366,784700,Caesar,Caesar,VOLCANIC_ROCK_VOUCHER_10250,SEASHELLS,92.0,1
14386,785500,Camilla,Caesar,VOLCANIC_ROCK_VOUCHER_10250,SEASHELLS,87.0,15
14393,785800,Camilla,Penelope,VOLCANIC_ROCK_VOUCHER_10250,SEASHELLS,88.0,13
14403,786100,Camilla,Penelope,VOLCANIC_ROCK_VOUCHER_10250,SEASHELLS,84.0,14
14430,787800,Camilla,Caesar,VOLCANIC_ROCK_VOUCHER_10250,SEASHELLS,82.0,15
14453,789500,Camilla,Caesar,VOLCANIC_ROCK_VOUCHER_10250,SEASHELLS,89.0,15
14461,789700,Camilla,Pablo,VOLCANIC_ROCK_VOUCHER_10250,SEASHELLS,89.0,6
14492,791600,Camilla,Caesar,VOLCANIC_ROCK_VOUCHER_10250,SEASHELLS,93.0,14
14493,791600,Caesar,Caesar,VOLCANIC_ROCK_VOUCHER_10250,SEASHELLS,93.0,2
14501,791700,Camilla,Pablo,VOLCANIC_ROCK_VOUCHER_10250,SEASHELLS,94.0,9
14509,792000,Camilla,Caesar,VOLCANIC_ROCK_VOUCHER_10250,SEASHELLS,94.0,10
14510,792000,Caesar,Caesar,VOLCANIC_ROCK_VOUCHER_10250,SEASHELLS,94.0,1
14531,793300,Camilla,Caesar,VOLCANIC_ROCK_VOUCHER_10250,SEASHELLS,91.0,10
14546,793600,Camilla,Caesar,VOLCANIC_ROCK_VOUCHER_10250,SEASHELLS,89.0,11
14547,793600,Caesar,Caesar,VOLCANIC_ROCK_VOUCHER_10250,SEASHELLS,89.0,2
14577,795700,Camilla,Caesar,VOLCANIC_ROCK_VOUCHER_10250,SEASHELLS,84.0,11
14578,795700,Caesar,Caesar,VOLCANIC_ROCK_VOUCHER_10250,SEASHELLS,84.0,1
14596,796300,Camilla,Caesar,VOLCANIC_ROCK_VOUCHER_10250,SEASHELLS,84.0,13
14607,796800,Camilla,Penelope,VOLCANIC_ROCK_VOUCHER_10250,SEASHELLS,85.0,11
14623,798000,Camilla,Caesar,VOLCANIC_ROCK_VOUCHER_10250,SEASHELLS,83.0,13
14624,798000,Caesar,Caesar,VOLCANIC_ROCK_VOUCHER_10250,SEASHELLS,83.0,2
14644,798500,Camilla,Caesar,VOLCANIC_ROCK_VOUCHER_10250,SEASHELLS,84.0,12
14652,799100,Camilla,Pablo,VOLCANIC_ROCK_VOUCHER_10250,SEASHELLS,89.0,7
14662,799400,Camilla,Penelope,VOLCANIC_ROCK_VOUCHER_10250,SEASHELLS,88.0,13
14678,800100,Camilla,Caesar,VOLCANIC_ROCK_VOUCHER_10250,SEASHELLS,88.0,14
14698,802100,Camilla,Caesar,VOLCANIC_ROCK_VOUCHER_10250,SEASHELLS,83.0,13
14726,804300,Camilla,Caesar,VOLCANIC_ROCK_VOUCHER_10250,SEASHELLS,86.0,14
14727,804300,Caesar,Caesar,VOLCANIC_ROCK_VOUCHER_10250,SEASHELLS,86.0,1
14767,806700,Penelope,Camilla,VOLCANIC_ROCK_VOUCHER_10250,SEASHELLS,79.0,15
14768,806700,Penelope,Caesar,VOLCANIC_ROCK_VOUCHER_10250,SEASHELLS,79.0,1
14793,808000,Camilla,Caesar,VOLCANIC_ROCK_VOUCHER_10250,SEASHELLS,80.0,18
14813,809500,Camilla,Caesar,VOLCANIC_ROCK_VOUCHER_10250,SEASHELLS,78.0,17
14814,809500,Caesar,Caesar,VOLCANIC_ROCK_VOUCHER_10250,SEASHELLS,78.0,2
14841,810900,Camilla,Caesar,VOLCANIC_ROCK_VOUCHER_10250,SEASHELLS,80.0,12
14865,812800,Camilla,Caesar,VOLCANIC_ROCK_VOUCHER_10250,SEASHELLS,79.0,17
14878,813500,Camilla,Caesar,VOLCANIC_ROCK_VOUCHER_10250,SEASHELLS,77.0,16
14966,817900,Camilla,Caesar,VOLCANIC_ROCK_VOUCHER_10250,SEASHELLS,76.0,13
14992,819800,Penelope,Camilla,VOLCANIC_ROCK_VOUCHER_10250,SEASHELLS,89.0,13
15011,820700,Camilla,Caesar,VOLCANIC_ROCK_VOUCHER_10250,SEASHELLS,88.0,13
15038,821900,Camilla,Caesar,VOLCANIC_ROCK_VOUCHER_10250,SEASHELLS,88.0,16
15039,821900,Caesar,Caesar,VOLCANIC_ROCK_VOUCHER_10250,SEASHELLS,88.0,1
15056,822300,Camilla,Pablo,VOLCANIC_ROCK_VOUCHER_10250,SEASHELLS,88.0,7
15071,822700,Camilla,Penelope,VOLCANIC_ROCK_VOUCHER_10250,SEASHELLS,91.0,10
15072,822700,Caesar,Penelope,VOLCANIC_ROCK_VOUCHER_10250,SEASHELLS,91.0,1
15098,824200,Camilla,Caesar,VOLCANIC_ROCK_VOUCHER_10250,SEASHELLS,94.0,13
15119,825700,Camilla,Caesar,VOLCANIC_ROCK_VOUCHER_10250,SEASHELLS,86.0,10
15133,826700,Camilla,Caesar,VOLCANIC_ROCK_VOUCHER_10250,SEASHELLS,85.0,14
15155,828400,Penelope,Camilla,VOLCANIC_ROCK_VOUCHER_10250,SEASHELLS,80.0,10
15156,828400,Penelope,Caesar,VOLCANIC_ROCK_VOUCHER_10250,SEASHELLS,80.0,2
15166,829000,Camilla,Caesar,VOLCANIC_ROCK_VOUCHER_10250,SEASHELLS,74.0,11
15176,830000,Camilla,Caesar,VOLCANIC_ROCK_VOUCHER_10250,SEASHELLS,71.0,13
15177,830000,Caesar,Caesar,VOLCANIC_ROCK_VOUCHER_10250,SEASHELLS,71.0,2
15222,832500,Camilla,Caesar,VOLCANIC_ROCK_VOUCHER_10250,SEASHELLS,71.0,15
15223,832500,Caesar,Caesar,VOLCANIC_ROCK_VOUCHER_10250,SEASHELLS,71.0,2
15254,834400,Camilla,Caesar,VOLCANIC_ROCK_VOUCHER_10250,SEASHELLS,64.0,13
15255,834400,Caesar,Caesar,VOLCANIC_ROCK_VOUCHER_10250,SEASHELLS,64.0,1
15276,835100,Penelope,Camilla,VOLCANIC_ROCK_VOUCHER_10250,SEASHELLS,57.0,17
15283,835400,Camilla,Caesar,VOLCANIC_ROCK_VOUCHER_10250,SEASHELLS,59.0,11
15284,835400,Caesar,Caesar,VOLCANIC_ROCK_VOUCHER_10250,SEASHELLS,59.0,1
15303,835900,Camilla,Pablo,VOLCANIC_ROCK_VOUCHER_10250,SEASHELLS,60.0,14
15304,835900,Caesar,Pablo,VOLCANIC_ROCK_VOUCHER_10250,SEASHELLS,60.0,1
15353,838900,Penelope,Camilla,VOLCANIC_ROCK_VOUCHER_10250,SEASHELLS,57.0,14
15381,839900,Camilla,Caesar,VOLCANIC_ROCK_VOUCHER_10250,SEASHELLS,60.0,12
15410,842400,Camilla,Caesar,VOLCANIC_ROCK_VOUCHER_10250,SEASHELLS,62.0,11
15447,844500,Camilla,Caesar,VOLCANIC_ROCK_VOUCHER_10250,SEASHELLS,67.0,10
15448,844500,Caesar,Caesar,VOLCANIC_ROCK_VOUCHER_10250,SEASHELLS,67.0,2
15465,845100,Camilla,Caesar,VOLCANIC_ROCK_VOUCHER_10250,SEASHELLS,69.0,12
15466,845100,Caesar,Caesar,VOLCANIC_ROCK_VOUCHER_10250,SEASHELLS,69.0,1
15479,845400,Camilla,Caesar,VOLCANIC_ROCK_VOUCHER_10250,SEASHELLS,72.0,14
15489,845700,Camilla,Penelope,VOLCANIC_ROCK_VOUCHER_10250,SEASHELLS,74.0,12
15542,851000,Penelope,Camilla,VOLCANIC_ROCK_VOUCHER_10250,SEASHELLS,69.0,14
15565,852300,Camilla,Caesar,VOLCANIC_ROCK_VOUCHER_10250,SEASHELLS,68.0,14
15566,852300,Caesar,Caesar,VOLCANIC_ROCK_VOUCHER_10250,SEASHELLS,68.0,1
15567,852300,Pablo,Caesar,VOLCANIC_ROCK_VOUCHER_10250,SEASHELLS,68.0,1
15568,852300,Penelope,Camilla,VOLCANIC_ROCK_VOUCHER_10250,SEASHELLS,69.0,14
15569,852300,Penelope,Caesar,VOLCANIC_ROCK_VOUCHER_10250,SEASHELLS,69.0,1
15594,853100,Camilla,Caesar,VOLCANIC_ROCK_VOUCHER_10250,SEASHELLS,61.0,10
15611,853800,Camilla,Caesar,VOLCANIC_ROCK_VOUCHER_10250,SEASHELLS,62.0,12
15628,855100,Camilla,Caesar,VOLCANIC_ROCK_VOUCHER_10250,SEASHELLS,65.0,17
15643,855900,Camilla,Pablo,VOLCANIC_ROCK_VOUCHER_10250,SEASHELLS,65.0,10
15679,857800,Camilla,Pablo,VOLCANIC_ROCK_VOUCHER_10250,SEASHELLS,71.0,9
15701,858900,Camilla,Caesar,VOLCANIC_ROCK_VOUCHER_10250,SEASHELLS,66.0,11
15702,858900,Caesar,Caesar,VOLCANIC_ROCK_VOUCHER_10250,SEASHELLS,66.0,2
15715,859300,Penelope,Camilla,VOLCANIC_ROCK_VOUCHER_10250,SEASHELLS,69.0,14
15716,859300,Penelope,Caesar,VOLCANIC_ROCK_VOUCHER_10250,SEASHELLS,69.0,2
15732,860000,Camilla,Caesar,VOLCANIC_ROCK_VOUCHER_10250,SEASHELLS,73.0,12
15733,860000,Caesar,Caesar,VOLCANIC_ROCK_VOUCHER_10250,SEASHELLS,73.0,2
15805,865000,Camilla,Caesar,VOLCANIC_ROCK_VOUCHER_10250,SEASHELLS,68.0,14
15812,865100,Camilla,Caesar,VOLCANIC_ROCK_VOUCHER_10250,SEASHELLS,71.0,11
15818,865200,Camilla,Caesar,VOLCANIC_ROCK_VOUCHER_10250,SEASHELLS,72.0,10
15849,867400,Camilla,Caesar,VOLCANIC_ROCK_VOUCHER_10250,SEASHELLS,72.0,10
15878,869100,Penelope,Camilla,VOLCANIC_ROCK_VOUCHER_10250,SEASHELLS,77.0,15
15887,869500,Camilla,Caesar,VOLCANIC_ROCK_VOUCHER_10250,SEASHELLS,80.0,12
15894,869600,Camilla,Penelope,VOLCANIC_ROCK_VOUCHER_10250,SEASHELLS,79.0,10
15907,870200,Camilla,Caesar,VOLCANIC_ROCK_VOUCHER_10250,SEASHELLS,79.0,13
15917,870500,Camilla,Caesar,VOLCANIC_ROCK_VOUCHER_10250,SEASHELLS,78.0,15
15960,872500,Camilla,Penelope,VOLCANIC_ROCK_VOUCHER_10250,SEASHELLS,82.0,14
15961,872500,Caesar,Penelope,VOLCANIC_ROCK_VOUCHER_10250,SEASHELLS,82.0,2
15981,873300,Penelope,Camilla,VOLCANIC_ROCK_VOUCHER_10250,SEASHELLS,84.0,13
15996,873800,Penelope,Camilla,VOLCANIC_ROCK_VOUCHER_10250,SEASHELLS,79.0,13
15997,873800,Penelope,Caesar,VOLCANIC_ROCK_VOUCHER_10250,SEASHELLS,79.0,1
16050,877900,Camilla,Caesar,VOLCANIC_ROCK_VOUCHER_10250,SEASHELLS,76.0,12
16051,877900,Caesar,Caesar,VOLCANIC_ROCK_VOUCHER_10250,SEASHELLS,76.0,2
16076,880200,Camilla,Caesar,VOLCANIC_ROCK_VOUCHER_10250,SEASHELLS,76.0,14
16077,880200,Caesar,Caesar,VOLCANIC_ROCK_VOUCHER_10250,SEASHELLS,76.0,2
16117,882200,Camilla,Pablo,VOLCANIC_ROCK_VOUCHER_10250,SEASHELLS,63.0,15
16131,882700,Camilla,Caesar,VOLCANIC_ROCK_VOUCHER_10250,SEASHELLS,64.0,11
16143,883300,Camilla,Caesar,VOLCANIC_ROCK_VOUCHER_10250,SEASHELLS,62.0,10
16162,884300,Penelope,Camilla,VOLCANIC_ROCK_VOUCHER_10250,SEASHELLS,62.0,12
16188,886300,Camilla,Caesar,VOLCANIC_ROCK_VOUCHER_10250,SEASHELLS,63.0,12
16189,886300,Caesar,Caesar,VOLCANIC_ROCK_VOUCHER_10250,SEASHELLS,63.0,1
16234,888700,Camilla,Caesar,VOLCANIC_ROCK_VOUCHER_10250,SEASHELLS,64.0,12
16235,888700,Caesar,Caesar,VOLCANIC_ROCK_VOUCHER_10250,SEASHELLS,64.0,2
16260,889900,Camilla,Caesar,VOLCANIC_ROCK_VOUCHER_10250,SEASHELLS,70.0,15
16273,890800,Camilla,Penelope,VOLCANIC_ROCK_VOUCHER_10250,SEASHELLS,68.0,12
16289,891300,Camilla,Caesar,VOLCANIC_ROCK_VOUCHER_10250,SEASHELLS,69.0,12
16324,893000,Camilla,Caesar,VOLCANIC_ROCK_VOUCHER_10250,SEASHELLS,76.0,11
16400,898600,Camilla,Caesar,VOLCANIC_ROCK_VOUCHER_10250,SEASHELLS,62.0,12
16443,901600,Camilla,Caesar,VOLCANIC_ROCK_VOUCHER_10250,SEASHELLS,60.0,12
16444,901600,Caesar,Caesar,VOLCANIC_ROCK_VOUCHER_10250,SEASHELLS,60.0,1
16466,903300,Camilla,Caesar,VOLCANIC_ROCK_VOUCHER_10250,SEASHELLS,60.0,17
16492,904500,Camilla,Caesar,VOLCANIC_ROCK_VOUCHER_10250,SEASHELLS,63.0,15
16493,904500,Caesar,Caesar,VOLCANIC_ROCK_VOUCHER_10250,SEASHELLS,63.0,2
16537,906900,Camilla,Caesar,VOLCANIC_ROCK_VOUCHER_10250,SEASHELLS,56.0,14
16599,912000,Camilla,Penelope,VOLCANIC_ROCK_VOUCHER_10250,SEASHELLS,44.0,17
16613,913100,Camilla,Caesar,VOLCANIC_ROCK_VOUCHER_10250,SEASHELLS,45.0,11
16632,913800,Camilla,Caesar,VOLCANIC_ROCK_VOUCHER_10250,SEASHELLS,47.0,15
16674,915500,Camilla,Caesar,VOLCANIC_ROCK_VOUCHER_10250,SEASHELLS,49.0,10
16675,915500,Pablo,Caesar,VOLCANIC_ROCK_VOUCHER_10250,SEASHELLS,49.0,7
16720,917500,Camilla,Caesar,VOLCANIC_ROCK_VOUCHER_10250,SEASHELLS,44.0,14
16721,917500,Caesar,Caesar,VOLCANIC_ROCK_VOUCHER_10250,SEASHELLS,44.0,2
16798,922400,Camilla,Pablo,VOLCANIC_ROCK_VOUCHER_10250,SEASHELLS,52.0,7
16803,922500,Camilla,Pablo,VOLCANIC_ROCK_VOUCHER_10250,SEASHELLS,53.0,12
16812,922800,Camilla,Penelope,VOLCANIC_ROCK_VOUCHER_10250,SEASHELLS,52.0,15
16830,924200,Camilla,Caesar,VOLCANIC_ROCK_VOUCHER_10250,SEASHELLS,50.0,13
16831,924200,Caesar,Caesar,VOLCANIC_ROCK_VOUCHER_10250,SEASHELLS,50.0,1
16839,924400,Penelope,Camilla,VOLCANIC_ROCK_VOUCHER_10250,SEASHELLS,51.0,13
16872,926600,Camilla,Caesar,VOLCANIC_ROCK_VOUCHER_10250,SEASHELLS,48.0,13
16905,928100,Camilla,Caesar,VOLCANIC_ROCK_VOUCHER_10250,SEASHELLS,53.0,15
16906,928100,Caesar,Caesar,VOLCANIC_ROCK_VOUCHER_10250,SEASHELLS,53.0,2
16918,928300,Penelope,Camilla,VOLCANIC_ROCK_VOUCHER_10250,SEASHELLS,54.0,10
16919,928300,Penelope,Caesar,VOLCANIC_ROCK_VOUCHER_10250,SEASHELLS,54.0,2
16976,931700,Camilla,Caesar,VOLCANIC_ROCK_VOUCHER_10250,SEASHELLS,45.0,15
16999,932700,Camilla,Caesar,VOLCANIC_ROCK_VOUCHER_10250,SEASHELLS,44.0,15
17023,933300,Camilla,Penelope,VOLCANIC_ROCK_VOUCHER_10250,SEASHELLS,47.0,13
17024,933300,Caesar,Penelope,VOLCANIC_ROCK_VOUCHER_10250,SEASHELLS,47.0,2
17030,933600,Camilla,Caesar,VOLCANIC_ROCK_VOUCHER_10250,SEASHELLS,48.0,10
17043,934000,Camilla,Pablo,VOLCANIC_ROCK_VOUCHER_10250,SEASHELLS,47.0,8
17048,934200,Penelope,Camilla,VOLCANIC_ROCK_VOUCHER_10250,SEASHELLS,46.0,18
17053,934300,Camilla,Caesar,VOLCANIC_ROCK_VOUCHER_10250,SEASHELLS,45.0,12
17083,936100,Camilla,Caesar,VOLCANIC_ROCK_VOUCHER_10250,SEASHELLS,50.0,15
17096,936600,Camilla,Penelope,VOLCANIC_ROCK_VOUCHER_10250,SEASHELLS,54.0,14
17106,937300,Camilla,Penelope,VOLCANIC_ROCK_VOUCHER_10250,SEASHELLS,53.0,16
17122,937900,Camilla,Caesar,VOLCANIC_ROCK_VOUCHER_10250,SEASHELLS,56.0,17
17143,939000,Camilla,Caesar,VOLCANIC_ROCK_VOUCHER_10250,SEASHELLS,57.0,13
17171,940800,Camilla,Caesar,VOLCANIC_ROCK_VOUCHER_10250,SEASHELLS,57.0,11
17172,940800,Caesar,Caesar,VOLCANIC_ROCK_VOUCHER_10250,SEASHELLS,57.0,1
17198,942300,Camilla,Penelope,VOLCANIC_ROCK_VOUCHER_10250,SEASHELLS,55.0,10
17209,942600,Camilla,Caesar,VOLCANIC_ROCK_VOUCHER_10250,SEASHELLS,52.0,11
17231,943800,Camilla,Caesar,VOLCANIC_ROCK_VOUCHER_10250,SEASHELLS,52.0,11
17262,946300,Camilla,Caesar,VOLCANIC_ROCK_VOUCHER_10250,SEASHELLS,53.0,20
17270,947000,Camilla,Caesar,VOLCANIC_ROCK_VOUCHER_10250,SEASHELLS,54.0,13
17271,947000,Caesar,Caesar,VOLCANIC_ROCK_VOUCHER_10250,SEASHELLS,54.0,1
17281,947300,Camilla,Penelope,VOLCANIC_ROCK_VOUCHER_10250,SEASHELLS,52.0,15
17282,947300,Caesar,Penelope,VOLCANIC_ROCK_VOUCHER_10250,SEASHELLS,52.0,2
17327,949600,Camilla,Penelope,VOLCANIC_ROCK_VOUCHER_10250,SEASHELLS,62.0,11
17333,949900,Camilla,Caesar,VOLCANIC_ROCK_VOUCHER_10250,SEASHELLS,61.0,11
17356,951000,Camilla,Caesar,VOLCANIC_ROCK_VOUCHER_10250,SEASHELLS,61.0,10
17357,951000,Caesar,Caesar,VOLCANIC_ROCK_VOUCHER_10250,SEASHELLS,61.0,2
17382,952400,Camilla,Caesar,VOLCANIC_ROCK_VOUCHER_10250,SEASHELLS,61.0,17
17412,954500,Camilla,Caesar,VOLCANIC_ROCK_VOUCHER_10250,SEASHELLS,62.0,15
17473,959500,Camilla,Caesar,VOLCANIC_ROCK_VOUCHER_10250,SEASHELLS,51.0,12
17480,959900,Camilla,Caesar,VOLCANIC_ROCK_VOUCHER_10250,SEASHELLS,52.0,16
17497,960600,Camilla,Pablo,VOLCANIC_ROCK_VOUCHER_10250,SEASHELLS,52.0,9
17503,960700,Camilla,Caesar,VOLCANIC_ROCK_VOUCHER_10250,SEASHELLS,51.0,11
17521,961600,Camilla,Caesar,VOLCANIC_ROCK_VOUCHER_10250,SEASHELLS,50.0,12
17549,963500,Camilla,Caesar,VOLCANIC_ROCK_VOUCHER_10250,SEASHELLS,50.0,17
17569,965400,Camilla,Caesar,VOLCANIC_ROCK_VOUCHER_10250,SEASHELLS,52.0,13
17570,965400,Caesar,Caesar,VOLCANIC_ROCK_VOUCHER_10250,SEASHELLS,52.0,1
17594,966400,Camilla,Pablo,VOLCANIC_ROCK_VOUCHER_10250,SEASHELLS,51.0,8
17663,971600,Camilla,Caesar,VOLCANIC_ROCK_VOUCHER_10250,SEASHELLS,48.0,14
17664,971600,Caesar,Caesar,VOLCANIC_ROCK_VOUCHER_10250,SEASHELLS,48.0,1
17692,972800,Camilla,Pablo,VOLCANIC_ROCK_VOUCHER_10250,SEASHELLS,50.0,11
17699,973000,Camilla,Caesar,VOLCANIC_ROCK_VOUCHER_10250,SEASHELLS,49.0,16
17700,973000,Caesar,Caesar,VOLCANIC_ROCK_VOUCHER_10250,SEASHELLS,49.0,2
17724,973700,Camilla,Caesar,VOLCANIC_ROCK_VOUCHER_10250,SEASHELLS,49.0,12
17732,973800,Camilla,Caesar,VOLCANIC_ROCK_VOUCHER_10250,SEASHELLS,48.0,13
17749,974300,Camilla,Pablo,VOLCANIC_ROCK_VOUCHER_10250,SEASHELLS,49.0,14
17750,974300,Caesar,Pablo,VOLCANIC_ROCK_VOUCHER_10250,SEASHELLS,49.0,1
17759,974500,Camilla,Caesar,VOLCANIC_ROCK_VOUCHER_10250,SEASHELLS,50.0,10
17770,974800,Camilla,Caesar,VOLCANIC_ROCK_VOUCHER_10250,SEASHELLS,50.0,18
17771,974800,Caesar,Caesar,VOLCANIC_ROCK_VOUCHER_10250,SEASHELLS,50.0,2
17782,975500,Camilla,Caesar,VOLCANIC_ROCK_VOUCHER_10250,SEASHELLS,49.0,13
17783,975500,Caesar,Caesar,VOLCANIC_ROCK_VOUCHER_10250,SEASHELLS,49.0,2
17807,976100,Camilla,Caesar,VOLCANIC_ROCK_VOUCHER_10250,SEASHELLS,47.0,14
17808,976100,Caesar,Caesar,VOLCANIC_ROCK_VOUCHER_10250,SEASHELLS,47.0,2
17828,977000,Camilla,Caesar,VOLCANIC_ROCK_VOUCHER_10250,SEASHELLS,49.0,18
17834,977100,Camilla,Pablo,VOLCANIC_ROCK_VOUCHER_10250,SEASHELLS,49.0,12
17847,977900,Penelope,Camilla,VOLCANIC_ROCK_VOUCHER_10250,SEASHELLS,50.0,10
17868,978800,Camilla,Caesar,VOLCANIC_ROCK_VOUCHER_10250,SEASHELLS,50.0,15
17904,981100,Camilla,Caesar,VOLCANIC_ROCK_VOUCHER_10250,SEASHELLS,44.0,16
17912,981400,Camilla,Caesar,VOLCANIC_ROCK_VOUCHER_10250,SEASHELLS,46.0,14
17913,981400,Caesar,Caesar,VOLCANIC_ROCK_VOUCHER_10250,SEASHELLS,46.0,2
17970,984800,Camilla,Caesar,VOLCANIC_ROCK_VOUCHER_10250,SEASHELLS,49.0,11
17999,986700,Camilla,Caesar,VOLCANIC_ROCK_VOUCHER_10250,SEASHELLS,45.0,15
18020,987900,Penelope,Camilla,VOLCANIC_ROCK_VOUCHER_10250,SEASHELLS,44.0,10
18025,988200,Penelope,Camilla,VOLCANIC_ROCK_VOUCHER_10250,SEASHELLS,42.0,14
18075,992700,Camilla,Caesar,VOLCANIC_ROCK_VOUCHER_10250,SEASHELLS,40.0,11
18076,992700,Caesar,Caesar,VOLCANIC_ROCK_VOUCHER_10250,SEASHELLS,40.0,1
18104,994100,Camilla,Caesar,VOLCANIC_ROCK_VOUCHER_10250,SEASHELLS,42.0,16
18105,994100,Caesar,Caesar,VOLCANIC_ROCK_VOUCHER_10250,SEASHELLS,42.0,1
18119,994600,Camilla,Caesar,VOLCANIC_ROCK_VOUCHER_10250,SEASHELLS,42.0,11
18131,995200,Camilla,Pablo,VOLCANIC_ROCK_VOUCHER_10250,SEASHELLS,39.0,8
18139,995400,Camilla,Pablo,VOLCANIC_ROCK_VOUCHER_10250,SEASHELLS,40.0,14
18148,995800,Camilla,Caesar,VOLCANIC_ROCK_VOUCHER_10250,SEASHELLS,40.0,13
18173,997100,Camilla,Caesar,VOLCANIC_ROCK_VOUCHER_10250,SEASHELLS,39.0,13
18174,997100,Caesar,Caesar,VOLCANIC_ROCK_VOUCHER_10250,SEASHELLS,39.0,1
18184,997200,Camilla,Caesar,VOLCANIC_ROCK_VOUCHER_10250,SEASHELLS,38.0,17
18185,997200,Caesar,Caesar,VOLCANIC_ROCK_VOUCHER_10250,SEASHELLS,38.0,1
18210,997800,Camilla,Caesar,VOLCANIC_ROCK_VOUCHER_10250,SEASHELLS,38.0,13
18228,998400,Camilla,Caesar,VOLCANIC_ROCK_VOUCHER_10250,SEASHELLS,38.0,11
18244,999500,Camilla,Pablo,VOLCANIC_ROCK_VOUCHER_10250,SEASHELLS,36.0,15
16,1000800,Camilla,Pablo,VOLCANIC_ROCK_VOUCHER_10250,SEASHELLS,37.0,15
70,1003700,Camilla,Caesar,VOLCANIC_ROCK_VOUCHER_10250,SEASHELLS,35.0,10
71,1003700,Caesar,Caesar,VOLCANIC_ROCK_VOUCHER_10250,SEASHELLS,35.0,2
143,1009000,Camilla,Caesar,VOLCANIC_ROCK_VOUCHER_10250,SEASHELLS,35.0,19
144,1009000,Caesar,Caesar,VOLCANIC_ROCK_VOUCHER_10250,SEASHELLS,35.0,1
162,1009600,Camilla,Caesar,VOLCANIC_ROCK_VOUCHER_10250,SEASHELLS,35.0,11
167,1009800,Camilla,Caesar,VOLCANIC_ROCK_VOUCHER_10250,SEASHELLS,35.0,14
188,1011400,Penelope,Camilla,VOLCANIC_ROCK_VOUCHER_10250,SEASHELLS,34.0,10
211,1012400,Camilla,Pablo,VOLCANIC_ROCK_VOUCHER_10250,SEASHELLS,22.0,11
236,1013900,Camilla,Caesar,VOLCANIC_ROCK_VOUCHER_10250,SEASHELLS,26.0,16
237,1013900,Caesar,Caesar,VOLCANIC_ROCK_VOUCHER_10250,SEASHELLS,26.0,1
248,1014200,Camilla,Caesar,VOLCANIC_ROCK_VOUCHER_10250,SEASHELLS,25.0,12
274,1015400,Camilla,Pablo,VOLCANIC_ROCK_VOUCHER_10250,SEASHELLS,26.0,6
301,1017200,Camilla,Caesar,VOLCANIC_ROCK_VOUCHER_10250,SEASHELLS,28.0,16
302,1017200,Caesar,Caesar,VOLCANIC_ROCK_VOUCHER_10250,SEASHELLS,28.0,2
331,1019300,Camilla,Caesar,VOLCANIC_ROCK_VOUCHER_10250,SEASHELLS,27.0,11
372,1022300,Camilla,Pablo,VOLCANIC_ROCK_VOUCHER_10250,SEASHELLS,29.0,12
379,1022500,Camilla,Pablo,VOLCANIC_ROCK_VOUCHER_10250,SEASHELLS,29.0,7
387,1022600,Camilla,Caesar,VOLCANIC_ROCK_VOUCHER_10250,SEASHELLS,29.0,13
388,1022600,Caesar,Caesar,VOLCANIC_ROCK_VOUCHER_10250,SEASHELLS,29.0,1
411,1024000,Camilla,Caesar,VOLCANIC_ROCK_VOUCHER_10250,SEASHELLS,29.0,16
450,1026200,Camilla,Caesar,VOLCANIC_ROCK_VOUCHER_10250,SEASHELLS,28.0,12
451,1026200,Caesar,Caesar,VOLCANIC_ROCK_VOUCHER_10250,SEASHELLS,28.0,1
466,1026600,Camilla,Pablo,VOLCANIC_ROCK_VOUCHER_10250,SEASHELLS,28.0,7
481,1027300,Camilla,Caesar,VOLCANIC_ROCK_VOUCHER_10250,SEASHELLS,29.0,13
495,1028000,Camilla,Caesar,VOLCANIC_ROCK_VOUCHER_10250,SEASHELLS,32.0,11
496,1028000,Camilla,Penelope,VOLCANIC_ROCK_VOUCHER_10250,SEASHELLS,32.0,3
497,1028000,Caesar,Penelope,VOLCANIC_ROCK_VOUCHER_10250,SEASHELLS,32.0,1
522,1029300,Camilla,Caesar,VOLCANIC_ROCK_VOUCHER_10250,SEASHELLS,32.0,14
527,1029500,Camilla,Pablo,VOLCANIC_ROCK_VOUCHER_10250,SEASHELLS,33.0,8
559,1030800,Camilla,Caesar,VOLCANIC_ROCK_VOUCHER_10250,SEASHELLS,29.0,17
560,1030800,Caesar,Caesar,VOLCANIC_ROCK_VOUCHER_10250,SEASHELLS,29.0,2
574,1031100,Camilla,Pablo,VOLCANIC_ROCK_VOUCHER_10250,SEASHELLS,28.0,6
621,1033900,Camilla,Penelope,VOLCANIC_ROCK_VOUCHER_10250,SEASHELLS,27.0,14
642,1035000,Camilla,Caesar,VOLCANIC_ROCK_VOUCHER_10250,SEASHELLS,25.0,13
649,1035400,Camilla,Caesar,VOLCANIC_ROCK_VOUCHER_10250,SEASHELLS,27.0,14
658,1035800,Camilla,Penelope,VOLCANIC_ROCK_VOUCHER_10250,SEASHELLS,26.0,16
659,1035800,Caesar,Penelope,VOLCANIC_ROCK_VOUCHER_10250,SEASHELLS,26.0,2
671,1036500,Camilla,Pablo,VOLCANIC_ROCK_VOUCHER_10250,SEASHELLS,26.0,6
681,1037000,Camilla,Pablo,VOLCANIC_ROCK_VOUCHER_10250,SEASHELLS,25.0,6
690,1037200,Camilla,Caesar,VOLCANIC_ROCK_VOUCHER_10250,SEASHELLS,26.0,15
691,1037200,Camilla,Pablo,VOLCANIC_ROCK_VOUCHER_10250,SEASHELLS,26.0,4
760,1041700,Camilla,Caesar,VOLCANIC_ROCK_VOUCHER_10250,SEASHELLS,27.0,13
761,1041700,Caesar,Caesar,VOLCANIC_ROCK_VOUCHER_10250,SEASHELLS,27.0,2
785,1042600,Camilla,Caesar,VOLCANIC_ROCK_VOUCHER_10250,SEASHELLS,26.0,11
786,1042600,Caesar,Caesar,VOLCANIC_ROCK_VOUCHER_10250,SEASHELLS,26.0,1
820,1044000,Camilla,Caesar,VOLCANIC_ROCK_VOUCHER_10250,SEASHELLS,28.0,12
821,1044000,Caesar,Caesar,VOLCANIC_ROCK_VOUCHER_10250,SEASHELLS,28.0,1
833,1044200,Camilla,Pablo,VOLCANIC_ROCK_VOUCHER_10250,SEASHELLS,29.0,12
842,1044400,Camilla,Pablo,VOLCANIC_ROCK_VOUCHER_10250,SEASHELLS,30.0,10
843,1044400,Caesar,Pablo,VOLCANIC_ROCK_VOUCHER_10250,SEASHELLS,30.0,2
867,1045300,Camilla,Caesar,VOLCANIC_ROCK_VOUCHER_10250,SEASHELLS,26.0,17
868,1045300,Caesar,Caesar,VOLCANIC_ROCK_VOUCHER_10250,SEASHELLS,26.0,1
883,1045700,Camilla,Pablo,VOLCANIC_ROCK_VOUCHER_10250,SEASHELLS,26.0,11
884,1045700,Caesar,Pablo,VOLCANIC_ROCK_VOUCHER_10250,SEASHELLS,26.0,2
938,1048900,Penelope,Camilla,VOLCANIC_ROCK_VOUCHER_10250,SEASHELLS,32.0,12
984,1051900,Camilla,Caesar,VOLCANIC_ROCK_VOUCHER_10250,SEASHELLS,32.0,10
993,1052100,Camilla,Caesar,VOLCANIC_ROCK_VOUCHER_10250,SEASHELLS,33.0,13
994,1052100,Caesar,Caesar,VOLCANIC_ROCK_VOUCHER_10250,SEASHELLS,33.0,2
1014,1052800,Camilla,Caesar,VOLCANIC_ROCK_VOUCHER_10250,SEASHELLS,31.0,12
1015,1052800,Caesar,Caesar,VOLCANIC_ROCK_VOUCHER_10250,SEASHELLS,31.0,2
1042,1054700,Camilla,Caesar,VOLCANIC_ROCK_VOUCHER_10250,SEASHELLS,32.0,11
1043,1054700,Caesar,Caesar,VOLCANIC_ROCK_VOUCHER_10250,SEASHELLS,32.0,1
1074,1056000,Camilla,Pablo,VOLCANIC_ROCK_VOUCHER_10250,SEASHELLS,27.0,7
1082,1056200,Camilla,Caesar,VOLCANIC_ROCK_VOUCHER_10250,SEASHELLS,28.0,12
1103,1057400,Camilla,Caesar,VOLCANIC_ROCK_VOUCHER_10250,SEASHELLS,29.0,13
1104,1057400,Caesar,Caesar,VOLCANIC_ROCK_VOUCHER_10250,SEASHELLS,29.0,2
1220,1064900,Camilla,Caesar,VOLCANIC_ROCK_VOUCHER_10250,SEASHELLS,32.0,10
1247,1065900,Camilla,Caesar,VOLCANIC_ROCK_VOUCHER_10250,SEASHELLS,31.0,11
1248,1065900,Caesar,Caesar,VOLCANIC_ROCK_VOUCHER_10250,SEASHELLS,31.0,1
1262,1066500,Camilla,Caesar,VOLCANIC_ROCK_VOUCHER_10250,SEASHELLS,30.0,15
1263,1066500,Caesar,Caesar,VOLCANIC_ROCK_VOUCHER_10250,SEASHELLS,30.0,1
1293,1068600,Penelope,Camilla,VOLCANIC_ROCK_VOUCHER_10250,SEASHELLS,32.0,13
1294,1068600,Penelope,Caesar,VOLCANIC_ROCK_VOUCHER_10250,SEASHELLS,32.0,1
1323,1070200,Camilla,Caesar,VOLCANIC_ROCK_VOUCHER_10250,SEASHELLS,34.0,14
1324,1070200,Caesar,Caesar,VOLCANIC_ROCK_VOUCHER_10250,SEASHELLS,34.0,2
1373,1072900,Camilla,Pablo,VOLCANIC_ROCK_VOUCHER_10250,SEASHELLS,33.0,6
1381,1073100,Camilla,Caesar,VOLCANIC_ROCK_VOUCHER_10250,SEASHELLS,34.0,10
1398,1074300,Camilla,Pablo,VOLCANIC_ROCK_VOUCHER_10250,SEASHELLS,35.0,8
1429,1077100,Camilla,Caesar,VOLCANIC_ROCK_VOUCHER_10250,SEASHELLS,31.0,11
1445,1078900,Camilla,Caesar,VOLCANIC_ROCK_VOUCHER_10250,SEASHELLS,30.0,13
1458,1079500,Camilla,Caesar,VOLCANIC_ROCK_VOUCHER_10250,SEASHELLS,31.0,13
1459,1079500,Caesar,Caesar,VOLCANIC_ROCK_VOUCHER_10250,SEASHELLS,31.0,1
1470,1079700,Camilla,Caesar,VOLCANIC_ROCK_VOUCHER_10250,SEASHELLS,31.0,13
1478,1079900,Camilla,Caesar,VOLCANIC_ROCK_VOUCHER_10250,SEASHELLS,31.0,11
1516,1082800,Camilla,Caesar,VOLCANIC_ROCK_VOUCHER_10250,SEASHELLS,33.0,14
1517,1082800,Caesar,Caesar,VOLCANIC_ROCK_VOUCHER_10250,SEASHELLS,33.0,2
1535,1083100,Camilla,Caesar,VOLCANIC_ROCK_VOUCHER_10250,SEASHELLS,34.0,12
1547,1083600,Camilla,Caesar,VOLCANIC_ROCK_VOUCHER_10250,SEASHELLS,34.0,13
1566,1085200,Camilla,Caesar,VOLCANIC_ROCK_VOUCHER_10250,SEASHELLS,34.0,16
1615,1088800,Camilla,Caesar,VOLCANIC_ROCK_VOUCHER_10250,SEASHELLS,38.0,17
1616,1088800,Caesar,Caesar,VOLCANIC_ROCK_VOUCHER_10250,SEASHELLS,38.0,2
1629,1089400,Camilla,Caesar,VOLCANIC_ROCK_VOUCHER_10250,SEASHELLS,39.0,14
1635,1089500,Camilla,Caesar,VOLCANIC_ROCK_VOUCHER_10250,SEASHELLS,38.0,12
1651,1090100,Camilla,Pablo,VOLCANIC_ROCK_VOUCHER_10250,SEASHELLS,37.0,11
1675,1091300,Camilla,Pablo,VOLCANIC_ROCK_VOUCHER_10250,SEASHELLS,38.0,12
1676,1091300,Caesar,Pablo,VOLCANIC_ROCK_VOUCHER_10250,SEASHELLS,38.0,1
1696,1091800,Camilla,Caesar,VOLCANIC_ROCK_VOUCHER_10250,SEASHELLS,37.0,13
1697,1091800,Caesar,Caesar,VOLCANIC_ROCK_VOUCHER_10250,SEASHELLS,37.0,1
1757,1096700,Camilla,Caesar,VOLCANIC_ROCK_VOUCHER_10250,SEASHELLS,38.0,19
1758,1096700,Caesar,Caesar,VOLCANIC_ROCK_VOUCHER_10250,SEASHELLS,38.0,1
1770,1097200,Camilla,Caesar,VOLCANIC_ROCK_VOUCHER_10250,SEASHELLS,38.0,12
1803,1098500,Camilla,Caesar,VOLCANIC_ROCK_VOUCHER_10250,SEASHELLS,39.0,15
1818,1099300,Camilla,Pablo,VOLCANIC_ROCK_VOUCHER_10250,SEASHELLS,37.0,10
1829,1099900,Camilla,Caesar,VOLCANIC_ROCK_VOUCHER_10250,SEASHELLS,38.0,10
1852,1101100,Camilla,Caesar,VOLCANIC_ROCK_VOUCHER_10250,SEASHELLS,37.0,16
1871,1101900,Camilla,Caesar,VOLCANIC_ROCK_VOUCHER_10250,SEASHELLS,35.0,18
1872,1101900,Caesar,Caesar,VOLCANIC_ROCK_VOUCHER_10250,SEASHELLS,35.0,1
1926,1103900,Camilla,Caesar,VOLCANIC_ROCK_VOUCHER_10250,SEASHELLS,36.0,18
1942,1104600,Camilla,Caesar,VOLCANIC_ROCK_VOUCHER_10250,SEASHELLS,34.0,13
1961,1105800,Camilla,Caesar,VOLCANIC_ROCK_VOUCHER_10250,SEASHELLS,34.0,16
1970,1106000,Camilla,Caesar,VOLCANIC_ROCK_VOUCHER_10250,SEASHELLS,34.0,13
1971,1106000,Caesar,Caesar,VOLCANIC_ROCK_VOUCHER_10250,SEASHELLS,34.0,1
1992,1106900,Camilla,Pablo,VOLCANIC_ROCK_VOUCHER_10250,SEASHELLS,36.0,12
2034,1109900,Camilla,Penelope,VOLCANIC_ROCK_VOUCHER_10250,SEASHELLS,35.0,15
2035,1109900,Caesar,Penelope,VOLCANIC_ROCK_VOUCHER_10250,SEASHELLS,35.0,1
2043,1110200,Camilla,Caesar,VOLCANIC_ROCK_VOUCHER_10250,SEASHELLS,35.0,16
2080,1112100,Penelope,Camilla,VOLCANIC_ROCK_VOUCHER_10250,SEASHELLS,34.0,10
2114,1114500,Camilla,Caesar,VOLCANIC_ROCK_VOUCHER_10250,SEASHELLS,35.0,14
2121,1114900,Camilla,Caesar,VOLCANIC_ROCK_VOUCHER_10250,SEASHELLS,33.0,10
2122,1114900,Caesar,Caesar,VOLCANIC_ROCK_VOUCHER_10250,SEASHELLS,33.0,1
2132,1115000,Camilla,Caesar,VOLCANIC_ROCK_VOUCHER_10250,SEASHELLS,34.0,11
2168,1118200,Camilla,Caesar,VOLCANIC_ROCK_VOUCHER_10250,SEASHELLS,35.0,11
2188,1119500,Camilla,Caesar,VOLCANIC_ROCK_VOUCHER_10250,SEASHELLS,33.0,10
2189,1119500,Caesar,Caesar,VOLCANIC_ROCK_VOUCHER_10250,SEASHELLS,33.0,2
2223,1121400,Camilla,Caesar,VOLCANIC_ROCK_VOUCHER_10250,SEASHELLS,34.0,16
2247,1123400,Camilla,Caesar,VOLCANIC_ROCK_VOUCHER_10250,SEASHELLS,37.0,15
2259,1123800,Camilla,Caesar,VOLCANIC_ROCK_VOUCHER_10250,SEASHELLS,38.0,19
2266,1124000,Camilla,Caesar,VOLCANIC_ROCK_VOUCHER_10250,SEASHELLS,38.0,10
2274,1124200,Camilla,Caesar,VOLCANIC_ROCK_VOUCHER_10250,SEASHELLS,38.0,11
2279,1124400,Camilla,Pablo,VOLCANIC_ROCK_VOUCHER_10250,SEASHELLS,38.0,5
2287,1124500,Camilla,Caesar,VOLCANIC_ROCK_VOUCHER_10250,SEASHELLS,39.0,11
2291,1124600,Camilla,Caesar,VOLCANIC_ROCK_VOUCHER_10250,SEASHELLS,39.0,15
2319,1126400,Camilla,Caesar,VOLCANIC_ROCK_VOUCHER_10250,SEASHELLS,39.0,20
2360,1128800,Camilla,Caesar,VOLCANIC_ROCK_VOUCHER_10250,SEASHELLS,39.0,12
2392,1130100,Camilla,Caesar,VOLCANIC_ROCK_VOUCHER_10250,SEASHELLS,40.0,11
2393,1130100,Caesar,Caesar,VOLCANIC_ROCK_VOUCHER_10250,SEASHELLS,40.0,1
2422,1131300,Camilla,Penelope,VOLCANIC_ROCK_VOUCHER_10250,SEASHELLS,42.0,13
2423,1131300,Caesar,Penelope,VOLCANIC_ROCK_VOUCHER_10250,SEASHELLS,42.0,2
2442,1131900,Camilla,Caesar,VOLCANIC_ROCK_VOUCHER_10250,SEASHELLS,41.0,14
2503,1135300,Camilla,Caesar,VOLCANIC_ROCK_VOUCHER_10250,SEASHELLS,44.0,13
2540,1137800,Camilla,Caesar,VOLCANIC_ROCK_VOUCHER_10250,SEASHELLS,42.0,16
2564,1138800,Camilla,Caesar,VOLCANIC_ROCK_VOUCHER_10250,SEASHELLS,42.0,14
2565,1138800,Caesar,Caesar,VOLCANIC_ROCK_VOUCHER_10250,SEASHELLS,42.0,2
2588,1140400,Camilla,Pablo,VOLCANIC_ROCK_VOUCHER_10250,SEASHELLS,42.0,5
2628,1141900,Camilla,Caesar,VOLCANIC_ROCK_VOUCHER_10250,SEASHELLS,38.0,10
2659,1142800,Camilla,Caesar,VOLCANIC_ROCK_VOUCHER_10250,SEASHELLS,37.0,14
2673,1143100,Camilla,Caesar,VOLCANIC_ROCK_VOUCHER_10250,SEASHELLS,38.0,12
2674,1143100,Caesar,Caesar,VOLCANIC_ROCK_VOUCHER_10250,SEASHELLS,38.0,2
2687,1143300,Camilla,Caesar,VOLCANIC_ROCK_VOUCHER_10250,SEASHELLS,37.0,18
2688,1143300,Caesar,Caesar,VOLCANIC_ROCK_VOUCHER_10250,SEASHELLS,37.0,1
2698,1143400,Camilla,Caesar,VOLCANIC_ROCK_VOUCHER_10250,SEASHELLS,36.0,12
2699,1143400,Caesar,Caesar,VOLCANIC_ROCK_VOUCHER_10250,SEASHELLS,36.0,2
2724,1144300,Camilla,Penelope,VOLCANIC_ROCK_VOUCHER_10250,SEASHELLS,36.0,16
2784,1147700,Camilla,Pablo,VOLCANIC_ROCK_VOUCHER_10250,SEASHELLS,34.0,9
2798,1148200,Camilla,Pablo,VOLCANIC_ROCK_VOUCHER_10250,SEASHELLS,33.0,11
2822,1149300,Camilla,Caesar,VOLCANIC_ROCK_VOUCHER_10250,SEASHELLS,31.0,10
2823,1149300,Caesar,Caesar,VOLCANIC_ROCK_VOUCHER_10250,SEASHELLS,31.0,1
2833,1149800,Camilla,Caesar,VOLCANIC_ROCK_VOUCHER_10250,SEASHELLS,31.0,10
2846,1150700,Camilla,Pablo,VOLCANIC_ROCK_VOUCHER_10250,SEASHELLS,32.0,9
2881,1152500,Camilla,Caesar,VOLCANIC_ROCK_VOUCHER_10250,SEASHELLS,32.0,16
2996,1160100,Camilla,Caesar,VOLCANIC_ROCK_VOUCHER_10250,SEASHELLS,32.0,16
3013,1161200,Camilla,Pablo,VOLCANIC_ROCK_VOUCHER_10250,SEASHELLS,31.0,10
3022,1161300,Camilla,Pablo,VOLCANIC_ROCK_VOUCHER_10250,SEASHELLS,31.0,12
3030,1161500,Camilla,Pablo,VOLCANIC_ROCK_VOUCHER_10250,SEASHELLS,31.0,8
3050,1162600,Camilla,Caesar,VOLCANIC_ROCK_VOUCHER_10250,SEASHELLS,31.0,14
3057,1162800,Camilla,Pablo,VOLCANIC_ROCK_VOUCHER_10250,SEASHELLS,31.0,5
3067,1163200,Camilla,Caesar,VOLCANIC_ROCK_VOUCHER_10250,SEASHELLS,30.0,11
3079,1164000,Penelope,Camilla,VOLCANIC_ROCK_VOUCHER_10250,SEASHELLS,32.0,11
3089,1164700,Camilla,Pablo,VOLCANIC_ROCK_VOUCHER_10250,SEASHELLS,33.0,11
3090,1164700,Caesar,Pablo,VOLCANIC_ROCK_VOUCHER_10250,SEASHELLS,33.0,1
3091,1164700,Caesar,Pablo,VOLCANIC_ROCK_VOUCHER_10250,SEASHELLS,33.0,2
3103,1164800,Camilla,Caesar,VOLCANIC_ROCK_VOUCHER_10250,SEASHELLS,32.0,11
3104,1164800,Caesar,Caesar,VOLCANIC_ROCK_VOUCHER_10250,SEASHELLS,32.0,2
3119,1165100,Camilla,Caesar,VOLCANIC_ROCK_VOUCHER_10250,SEASHELLS,32.0,13
3120,1165100,Caesar,Caesar,VOLCANIC_ROCK_VOUCHER_10250,SEASHELLS,32.0,1
3132,1165200,Camilla,Caesar,VOLCANIC_ROCK_VOUCHER_10250,SEASHELLS,32.0,10
3133,1165200,Caesar,Caesar,VOLCANIC_ROCK_VOUCHER_10250,SEASHELLS,32.0,2
3147,1165600,Camilla,Caesar,VOLCANIC_ROCK_VOUCHER_10250,SEASHELLS,32.0,15
3176,1166700,Camilla,Caesar,VOLCANIC_ROCK_VOUCHER_10250,SEASHELLS,32.0,14
3189,1167600,Camilla,Pablo,VOLCANIC_ROCK_VOUCHER_10250,SEASHELLS,34.0,11
3195,1167800,Camilla,Caesar,VOLCANIC_ROCK_VOUCHER_10250,SEASHELLS,34.0,10
3232,1170000,Camilla,Caesar,VOLCANIC_ROCK_VOUCHER_10250,SEASHELLS,36.0,10
3233,1170000,Caesar,Caesar,VOLCANIC_ROCK_VOUCHER_10250,SEASHELLS,36.0,1
3244,1170400,Camilla,Caesar,VOLCANIC_ROCK_VOUCHER_10250,SEASHELLS,36.0,16
3245,1170400,Caesar,Caesar,VOLCANIC_ROCK_VOUCHER_10250,SEASHELLS,36.0,2
3256,1170700,Camilla,Caesar,VOLCANIC_ROCK_VOUCHER_10250,SEASHELLS,37.0,17
3285,1172100,Camilla,Pablo,VOLCANIC_ROCK_VOUCHER_10250,SEASHELLS,36.0,8
3303,1172700,Camilla,Caesar,VOLCANIC_ROCK_VOUCHER_10250,SEASHELLS,35.0,19
3331,1174200,Camilla,Caesar,VOLCANIC_ROCK_VOUCHER_10250,SEASHELLS,35.0,15
3332,1174200,Caesar,Caesar,VOLCANIC_ROCK_VOUCHER_10250,SEASHELLS,35.0,1
3369,1175700,Camilla,Penelope,VOLCANIC_ROCK_VOUCHER_10250,SEASHELLS,39.0,16
3389,1176500,Camilla,Caesar,VOLCANIC_ROCK_VOUCHER_10250,SEASHELLS,38.0,13
3390,1176500,Caesar,Caesar,VOLCANIC_ROCK_VOUCHER_10250,SEASHELLS,38.0,1
3391,1176500,Pablo,Caesar,VOLCANIC_ROCK_VOUCHER_10250,SEASHELLS,38.0,2
3406,1177100,Camilla,Caesar,VOLCANIC_ROCK_VOUCHER_10250,SEASHELLS,37.0,14
3438,1179100,Camilla,Caesar,VOLCANIC_ROCK_VOUCHER_10250,SEASHELLS,33.0,11
3453,1179700,Camilla,Caesar,VOLCANIC_ROCK_VOUCHER_10250,SEASHELLS,33.0,14
3465,1180200,Camilla,Caesar,VOLCANIC_ROCK_VOUCHER_10250,SEASHELLS,33.0,16
3466,1180200,Caesar,Caesar,VOLCANIC_ROCK_VOUCHER_10250,SEASHELLS,33.0,1
3506,1182100,Camilla,Pablo,VOLCANIC_ROCK_VOUCHER_10250,SEASHELLS,33.0,6
3542,1183900,Camilla,Pablo,VOLCANIC_ROCK_VOUCHER_10250,SEASHELLS,31.0,10
3596,1188100,Camilla,Caesar,VOLCANIC_ROCK_VOUCHER_10250,SEASHELLS,36.0,17
3612,1188500,Camilla,Pablo,VOLCANIC_ROCK_VOUCHER_10250,SEASHELLS,37.0,10
3619,1188600,Camilla,Pablo,VOLCANIC_ROCK_VOUCHER_10250,SEASHELLS,38.0,9
3651,1190000,Camilla,Penelope,VOLCANIC_ROCK_VOUCHER_10250,SEASHELLS,38.0,13
3706,1193500,Camilla,Caesar,VOLCANIC_ROCK_VOUCHER_10250,SEASHELLS,43.0,11
3714,1193600,Camilla,Caesar,VOLCANIC_ROCK_VOUCHER_10250,SEASHELLS,43.0,15
3728,1194700,Camilla,Caesar,VOLCANIC_ROCK_VOUCHER_10250,SEASHELLS,44.0,15
3737,1195400,Camilla,Penelope,VOLCANIC_ROCK_VOUCHER_10250,SEASHELLS,45.0,11
3749,1195900,Camilla,Caesar,VOLCANIC_ROCK_VOUCHER_10250,SEASHELLS,40.0,13
3766,1196700,Camilla,Caesar,VOLCANIC_ROCK_VOUCHER_10250,SEASHELLS,42.0,13
3767,1196700,Penelope,Camilla,VOLCANIC_ROCK_VOUCHER_10250,SEASHELLS,43.0,10
3776,1196900,Camilla,Caesar,VOLCANIC_ROCK_VOUCHER_10250,SEASHELLS,41.0,10
3788,1197500,Camilla,Caesar,VOLCANIC_ROCK_VOUCHER_10250,SEASHELLS,40.0,17
3789,1197500,Caesar,Caesar,VOLCANIC_ROCK_VOUCHER_10250,SEASHELLS,40.0,1
3818,1199600,Camilla,Caesar,VOLCANIC_ROCK_VOUCHER_10250,SEASHELLS,38.0,18
3830,1200200,Camilla,Penelope,VOLCANIC_ROCK_VOUCHER_10250,SEASHELLS,39.0,12
3831,1200200,Caesar,Penelope,VOLCANIC_ROCK_VOUCHER_10250,SEASHELLS,39.0,2
3842,1200700,Penelope,Camilla,VOLCANIC_ROCK_VOUCHER_10250,SEASHELLS,39.0,15
3843,1200700,Penelope,Caesar,VOLCANIC_ROCK_VOUCHER_10250,SEASHELLS,39.0,1
3853,1201100,Camilla,Caesar,VOLCANIC_ROCK_VOUCHER_10250,SEASHELLS,39.0,12
3874,1202500,Camilla,Caesar,VOLCANIC_ROCK_VOUCHER_10250,SEASHELLS,38.0,10
3903,1204400,Camilla,Pablo,VOLCANIC_ROCK_VOUCHER_10250,SEASHELLS,40.0,11
3904,1204400,Caesar,Pablo,VOLCANIC_ROCK_VOUCHER_10250,SEASHELLS,40.0,1
3927,1205500,Penelope,Camilla,VOLCANIC_ROCK_VOUCHER_10250,SEASHELLS,42.0,10
3928,1205500,Penelope,Caesar,VOLCANIC_ROCK_VOUCHER_10250,SEASHELLS,42.0,2
3942,1206400,Camilla,Caesar,VOLCANIC_ROCK_VOUCHER_10250,SEASHELLS,44.0,11
3943,1206400,Caesar,Caesar,VOLCANIC_ROCK_VOUCHER_10250,SEASHELLS,44.0,1
3974,1208000,Camilla,Caesar,VOLCANIC_ROCK_VOUCHER_10250,SEASHELLS,43.0,13
3987,1208400,Camilla,Pablo,VOLCANIC_ROCK_VOUCHER_10250,SEASHELLS,45.0,7
3999,1208900,Penelope,Camilla,VOLCANIC_ROCK_VOUCHER_10250,SEASHELLS,46.0,13
4014,1210000,Camilla,Pablo,VOLCANIC_ROCK_VOUCHER_10250,SEASHELLS,45.0,14
4061,1213600,Camilla,Pablo,VOLCANIC_ROCK_VOUCHER_10250,SEASHELLS,47.0,12
4093,1216000,Camilla,Pablo,VOLCANIC_ROCK_VOUCHER_10250,SEASHELLS,46.0,5
4099,1216300,Penelope,Camilla,VOLCANIC_ROCK_VOUCHER_10250,SEASHELLS,46.0,12
4105,1216400,Camilla,Caesar,VOLCANIC_ROCK_VOUCHER_10250,SEASHELLS,46.0,10
4106,1216400,Caesar,Caesar,VOLCANIC_ROCK_VOUCHER_10250,SEASHELLS,46.0,1
4169,1221100,Camilla,Caesar,VOLCANIC_ROCK_VOUCHER_10250,SEASHELLS,51.0,13
4170,1221100,Caesar,Caesar,VOLCANIC_ROCK_VOUCHER_10250,SEASHELLS,51.0,2
4184,1221600,Camilla,Caesar,VOLCANIC_ROCK_VOUCHER_10250,SEASHELLS,51.0,10
4213,1223100,Penelope,Camilla,VOLCANIC_ROCK_VOUCHER_10250,SEASHELLS,55.0,13
4221,1223500,Camilla,Pablo,VOLCANIC_ROCK_VOUCHER_10250,SEASHELLS,53.0,9
4226,1223600,Camilla,Caesar,VOLCANIC_ROCK_VOUCHER_10250,SEASHELLS,53.0,13
4231,1223800,Camilla,Caesar,VOLCANIC_ROCK_VOUCHER_10250,SEASHELLS,51.0,12
4240,1224300,Camilla,Pablo,VOLCANIC_ROCK_VOUCHER_10250,SEASHELLS,52.0,10
4241,1224300,Caesar,Pablo,VOLCANIC_ROCK_VOUCHER_10250,SEASHELLS,52.0,1
4251,1224400,Camilla,Caesar,VOLCANIC_ROCK_VOUCHER_10250,SEASHELLS,51.0,10
4271,1225700,Camilla,Caesar,VOLCANIC_ROCK_VOUCHER_10250,SEASHELLS,52.0,11
4291,1227700,Camilla,Caesar,VOLCANIC_ROCK_VOUCHER_10250,SEASHELLS,54.0,12
4322,1229900,Camilla,Caesar,VOLCANIC_ROCK_VOUCHER_10250,SEASHELLS,54.0,11
4323,1229900,Caesar,Caesar,VOLCANIC_ROCK_VOUCHER_10250,SEASHELLS,54.0,2
4360,1231600,Camilla,Caesar,VOLCANIC_ROCK_VOUCHER_10250,SEASHELLS,53.0,18
4361,1231600,Camilla,Pablo,VOLCANIC_ROCK_VOUCHER_10250,SEASHELLS,53.0,2
4362,1231600,Caesar,Pablo,VOLCANIC_ROCK_VOUCHER_10250,SEASHELLS,53.0,1
4394,1232900,Camilla,Caesar,VOLCANIC_ROCK_VOUCHER_10250,SEASHELLS,56.0,12
4449,1236000,Camilla,Caesar,VOLCANIC_ROCK_VOUCHER_10250,SEASHELLS,55.0,18
4450,1236000,Caesar,Caesar,VOLCANIC_ROCK_VOUCHER_10250,SEASHELLS,55.0,1
4451,1236000,Camilla,Pablo,VOLCANIC_ROCK_VOUCHER_10250,SEASHELLS,55.0,0
4452,1236000,Caesar,Pablo,VOLCANIC_ROCK_VOUCHER_10250,SEASHELLS,55.0,1
4493,1238200,Camilla,Caesar,VOLCANIC_ROCK_VOUCHER_10250,SEASHELLS,54.0,13
4509,1238600,Camilla,Caesar,VOLCANIC_ROCK_VOUCHER_10250,SEASHELLS,53.0,15
4542,1241200,Camilla,Caesar,VOLCANIC_ROCK_VOUCHER_10250,SEASHELLS,58.0,11
4551,1241800,Camilla,Caesar,VOLCANIC_ROCK_VOUCHER_10250,SEASHELLS,55.0,13
4559,1242400,Penelope,Camilla,VOLCANIC_ROCK_VOUCHER_10250,SEASHELLS,57.0,14
4590,1244200,Camilla,Caesar,VOLCANIC_ROCK_VOUCHER_10250,SEASHELLS,56.0,11
4591,1244200,Caesar,Caesar,VOLCANIC_ROCK_VOUCHER_10250,SEASHELLS,56.0,1
4616,1245100,Camilla,Caesar,VOLCANIC_ROCK_VOUCHER_10250,SEASHELLS,55.0,12
4623,1245200,Penelope,Camilla,VOLCANIC_ROCK_VOUCHER_10250,SEASHELLS,57.0,12
4624,1245200,Penelope,Caesar,VOLCANIC_ROCK_VOUCHER_10250,SEASHELLS,57.0,2
4686,1248100,Camilla,Caesar,VOLCANIC_ROCK_VOUCHER_10250,SEASHELLS,56.0,10
4687,1248100,Caesar,Caesar,VOLCANIC_ROCK_VOUCHER_10250,SEASHELLS,56.0,1
4696,1248200,Penelope,Camilla,VOLCANIC_ROCK_VOUCHER_10250,SEASHELLS,58.0,15
4697,1248200,Penelope,Caesar,VOLCANIC_ROCK_VOUCHER_10250,SEASHELLS,58.0,2
4705,1248400,Camilla,Caesar,VOLCANIC_ROCK_VOUCHER_10250,SEASHELLS,57.0,12
4706,1248400,Caesar,Caesar,VOLCANIC_ROCK_VOUCHER_10250,SEASHELLS,57.0,1
4719,1248800,Camilla,Caesar,VOLCANIC_ROCK_VOUCHER_10250,SEASHELLS,57.0,12
4725,1249000,Camilla,Caesar,VOLCANIC_ROCK_VOUCHER_10250,SEASHELLS,56.0,16
4857,1257300,Camilla,Caesar,VOLCANIC_ROCK_VOUCHER_10250,SEASHELLS,50.0,15
4897,1259500,Camilla,Penelope,VOLCANIC_ROCK_VOUCHER_10250,SEASHELLS,53.0,12
4898,1259500,Caesar,Penelope,VOLCANIC_ROCK_VOUCHER_10250,SEASHELLS,53.0,1
4933,1261800,Camilla,Caesar,VOLCANIC_ROCK_VOUCHER_10250,SEASHELLS,50.0,18
4942,1262100,Camilla,Penelope,VOLCANIC_ROCK_VOUCHER_10250,SEASHELLS,49.0,12
4958,1262700,Camilla,Caesar,VOLCANIC_ROCK_VOUCHER_10250,SEASHELLS,50.0,11
4978,1263900,Camilla,Caesar,VOLCANIC_ROCK_VOUCHER_10250,SEASHELLS,53.0,13
5025,1267900,Camilla,Penelope,VOLCANIC_ROCK_VOUCHER_10250,SEASHELLS,49.0,12
5029,1268000,Camilla,Pablo,VOLCANIC_ROCK_VOUCHER_10250,SEASHELLS,49.0,10
5038,1268400,Penelope,Camilla,VOLCANIC_ROCK_VOUCHER_10250,SEASHELLS,49.0,10
5039,1268400,Penelope,Caesar,VOLCANIC_ROCK_VOUCHER_10250,SEASHELLS,49.0,1
5045,1268500,Camilla,Pablo,VOLCANIC_ROCK_VOUCHER_10250,SEASHELLS,48.0,6
5051,1268700,Camilla,Caesar,VOLCANIC_ROCK_VOUCHER_10250,SEASHELLS,48.0,10
5052,1268700,Caesar,Caesar,VOLCANIC_ROCK_VOUCHER_10250,SEASHELLS,48.0,1
5094,1270900,Camilla,Pablo,VOLCANIC_ROCK_VOUCHER_10250,SEASHELLS,51.0,13
5103,1271000,Camilla,Caesar,VOLCANIC_ROCK_VOUCHER_10250,SEASHELLS,50.0,12
5121,1272000,Camilla,Caesar,VOLCANIC_ROCK_VOUCHER_10250,SEASHELLS,48.0,16
5136,1272600,Camilla,Caesar,VOLCANIC_ROCK_VOUCHER_10250,SEASHELLS,47.0,14
5137,1272600,Caesar,Caesar,VOLCANIC_ROCK_VOUCHER_10250,SEASHELLS,47.0,1
5145,1272700,Camilla,Penelope,VOLCANIC_ROCK_VOUCHER_10250,SEASHELLS,48.0,15
5161,1274100,Camilla,Caesar,VOLCANIC_ROCK_VOUCHER_10250,SEASHELLS,52.0,15
5184,1275300,Camilla,Caesar,VOLCANIC_ROCK_VOUCHER_10250,SEASHELLS,51.0,11
5185,1275300,Caesar,Caesar,VOLCANIC_ROCK_VOUCHER_10250,SEASHELLS,51.0,1
5215,1277200,Camilla,Caesar,VOLCANIC_ROCK_VOUCHER_10250,SEASHELLS,48.0,17
5230,1278200,Camilla,Caesar,VOLCANIC_ROCK_VOUCHER_10250,SEASHELLS,49.0,16
5231,1278200,Caesar,Caesar,VOLCANIC_ROCK_VOUCHER_10250,SEASHELLS,49.0,1
5256,1279100,Camilla,Caesar,VOLCANIC_ROCK_VOUCHER_10250,SEASHELLS,51.0,13
5257,1279100,Caesar,Caesar,VOLCANIC_ROCK_VOUCHER_10250,SEASHELLS,51.0,2
5280,1280200,Camilla,Caesar,VOLCANIC_ROCK_VOUCHER_10250,SEASHELLS,51.0,16
5281,1280200,Caesar,Caesar,VOLCANIC_ROCK_VOUCHER_10250,SEASHELLS,51.0,1
5306,1281200,Camilla,Penelope,VOLCANIC_ROCK_VOUCHER_10250,SEASHELLS,52.0,13
5307,1281200,Caesar,Penelope,VOLCANIC_ROCK_VOUCHER_10250,SEASHELLS,52.0,1
5349,1283000,Penelope,Camilla,VOLCANIC_ROCK_VOUCHER_10250,SEASHELLS,53.0,16
5350,1283000,Penelope,Caesar,VOLCANIC_ROCK_VOUCHER_10250,SEASHELLS,53.0,2
5368,1283800,Camilla,Caesar,VOLCANIC_ROCK_VOUCHER_10250,SEASHELLS,52.0,15
5392,1285500,Camilla,Penelope,VOLCANIC_ROCK_VOUCHER_10250,SEASHELLS,48.0,12
5403,1285800,Camilla,Penelope,VOLCANIC_ROCK_VOUCHER_10250,SEASHELLS,47.0,18
5416,1287000,Camilla,Pablo,VOLCANIC_ROCK_VOUCHER_10250,SEASHELLS,47.0,6
5447,1289200,Camilla,Pablo,VOLCANIC_ROCK_VOUCHER_10250,SEASHELLS,48.0,5
5568,1296400,Camilla,Caesar,VOLCANIC_ROCK_VOUCHER_10250,SEASHELLS,50.0,10
5602,1298500,Penelope,Camilla,VOLCANIC_ROCK_VOUCHER_10250,SEASHELLS,46.0,11
5615,1299600,Camilla,Caesar,VOLCANIC_ROCK_VOUCHER_10250,SEASHELLS,46.0,14
5650,1302000,Camilla,Caesar,VOLCANIC_ROCK_VOUCHER_10250,SEASHELLS,51.0,13
5666,1302600,Penelope,Camilla,VOLCANIC_ROCK_VOUCHER_10250,SEASHELLS,55.0,12
5687,1303900,Camilla,Penelope,VOLCANIC_ROCK_VOUCHER_10250,SEASHELLS,57.0,13
5704,1305400,Camilla,Caesar,VOLCANIC_ROCK_VOUCHER_10250,SEASHELLS,56.0,14
5755,1309100,Camilla,Caesar,VOLCANIC_ROCK_VOUCHER_10250,SEASHELLS,52.0,10
5756,1309100,Caesar,Caesar,VOLCANIC_ROCK_VOUCHER_10250,SEASHELLS,52.0,1
5767,1309200,Camilla,Caesar,VOLCANIC_ROCK_VOUCHER_10250,SEASHELLS,53.0,14
5776,1309600,Camilla,Caesar,VOLCANIC_ROCK_VOUCHER_10250,SEASHELLS,55.0,15
5798,1310700,Camilla,Pablo,VOLCANIC_ROCK_VOUCHER_10250,SEASHELLS,56.0,7
5822,1312200,Camilla,Caesar,VOLCANIC_ROCK_VOUCHER_10250,SEASHELLS,54.0,12
5823,1312200,Caesar,Caesar,VOLCANIC_ROCK_VOUCHER_10250,SEASHELLS,54.0,1
5833,1312700,Camilla,Caesar,VOLCANIC_ROCK_VOUCHER_10250,SEASHELLS,53.0,16
5865,1314100,Camilla,Caesar,VOLCANIC_ROCK_VOUCHER_10250,SEASHELLS,51.0,17
5892,1315500,Camilla,Caesar,VOLCANIC_ROCK_VOUCHER_10250,SEASHELLS,52.0,14
5893,1315500,Caesar,Caesar,VOLCANIC_ROCK_VOUCHER_10250,SEASHELLS,52.0,1
5922,1317400,Camilla,Pablo,VOLCANIC_ROCK_VOUCHER_10250,SEASHELLS,52.0,11
5923,1317400,Caesar,Pablo,VOLCANIC_ROCK_VOUCHER_10250,SEASHELLS,52.0,2
5951,1318700,Camilla,Pablo,VOLCANIC_ROCK_VOUCHER_10250,SEASHELLS,54.0,9
5983,1320700,Camilla,Caesar,VOLCANIC_ROCK_VOUCHER_10250,SEASHELLS,57.0,13
5998,1321400,Camilla,Caesar,VOLCANIC_ROCK_VOUCHER_10250,SEASHELLS,63.0,14
5999,1321400,Caesar,Caesar,VOLCANIC_ROCK_VOUCHER_10250,SEASHELLS,63.0,1
6008,1321600,Camilla,Caesar,VOLCANIC_ROCK_VOUCHER_10250,SEASHELLS,68.0,13
6046,1324800,Camilla,Pablo,VOLCANIC_ROCK_VOUCHER_10250,SEASHELLS,61.0,13
6054,1325000,Camilla,Pablo,VOLCANIC_ROCK_VOUCHER_10250,SEASHELLS,57.0,10
6055,1325000,Caesar,Pablo,VOLCANIC_ROCK_VOUCHER_10250,SEASHELLS,57.0,1
6065,1325300,Camilla,Caesar,VOLCANIC_ROCK_VOUCHER_10250,SEASHELLS,60.0,12
6111,1329000,Camilla,Caesar,VOLCANIC_ROCK_VOUCHER_10250,SEASHELLS,60.0,10
6112,1329000,Caesar,Caesar,VOLCANIC_ROCK_VOUCHER_10250,SEASHELLS,60.0,1
6136,1330100,Camilla,Caesar,VOLCANIC_ROCK_VOUCHER_10250,SEASHELLS,61.0,13
6163,1331900,Camilla,Caesar,VOLCANIC_ROCK_VOUCHER_10250,SEASHELLS,59.0,12
6181,1333300,Camilla,Caesar,VOLCANIC_ROCK_VOUCHER_10250,SEASHELLS,59.0,15
6182,1333300,Caesar,Caesar,VOLCANIC_ROCK_VOUCHER_10250,SEASHELLS,59.0,1
6196,1334100,Camilla,Caesar,VOLCANIC_ROCK_VOUCHER_10250,SEASHELLS,55.0,20
6213,1334700,Penelope,Camilla,VOLCANIC_ROCK_VOUCHER_10250,SEASHELLS,56.0,10
6283,1339600,Camilla,Caesar,VOLCANIC_ROCK_VOUCHER_10250,SEASHELLS,58.0,18
6288,1339700,Camilla,Penelope,VOLCANIC_ROCK_VOUCHER_10250,SEASHELLS,58.0,13
6318,1341900,Camilla,Caesar,VOLCANIC_ROCK_VOUCHER_10250,SEASHELLS,60.0,12
6345,1343700,Camilla,Caesar,VOLCANIC_ROCK_VOUCHER_10250,SEASHELLS,61.0,15
6346,1343700,Caesar,Caesar,VOLCANIC_ROCK_VOUCHER_10250,SEASHELLS,61.0,2
6354,1343800,Penelope,Camilla,VOLCANIC_ROCK_VOUCHER_10250,SEASHELLS,60.0,12
6386,1345300,Camilla,Pablo,VOLCANIC_ROCK_VOUCHER_10250,SEASHELLS,59.0,7
6462,1350000,Camilla,Caesar,VOLCANIC_ROCK_VOUCHER_10250,SEASHELLS,62.0,15
6469,1350300,Camilla,Caesar,VOLCANIC_ROCK_VOUCHER_10250,SEASHELLS,61.0,17
6476,1350400,Camilla,Caesar,VOLCANIC_ROCK_VOUCHER_10250,SEASHELLS,61.0,13
6486,1351000,Camilla,Caesar,VOLCANIC_ROCK_VOUCHER_10250,SEASHELLS,60.0,11
6493,1351300,Camilla,Caesar,VOLCANIC_ROCK_VOUCHER_10250,SEASHELLS,60.0,12
6494,1351300,Caesar,Caesar,VOLCANIC_ROCK_VOUCHER_10250,SEASHELLS,60.0,2
6507,1351800,Camilla,Caesar,VOLCANIC_ROCK_VOUCHER_10250,SEASHELLS,60.0,15
6544,1353800,Penelope,Camilla,VOLCANIC_ROCK_VOUCHER_10250,SEASHELLS,58.0,13
6555,1354100,Camilla,Pablo,VOLCANIC_ROCK_VOUCHER_10250,SEASHELLS,55.0,12
6560,1354300,Camilla,Caesar,VOLCANIC_ROCK_VOUCHER_10250,SEASHELLS,54.0,10
6570,1354600,Camilla,Caesar,VOLCANIC_ROCK_VOUCHER_10250,SEASHELLS,56.0,14
6584,1356000,Camilla,Caesar,VOLCANIC_ROCK_VOUCHER_10250,SEASHELLS,57.0,12
6589,1356200,Camilla,Pablo,VOLCANIC_ROCK_VOUCHER_10250,SEASHELLS,56.0,9
6601,1356600,Camilla,Pablo,VOLCANIC_ROCK_VOUCHER_10250,SEASHELLS,56.0,11
6602,1356600,Caesar,Pablo,VOLCANIC_ROCK_VOUCHER_10250,SEASHELLS,56.0,1
6637,1358300,Camilla,Caesar,VOLCANIC_ROCK_VOUCHER_10250,SEASHELLS,53.0,10
6638,1358300,Caesar,Caesar,VOLCANIC_ROCK_VOUCHER_10250,SEASHELLS,53.0,2
6660,1360000,Camilla,Pablo,VOLCANIC_ROCK_VOUCHER_10250,SEASHELLS,51.0,11
6679,1360900,Camilla,Caesar,VOLCANIC_ROCK_VOUCHER_10250,SEASHELLS,49.0,15
6680,1360900,Caesar,Caesar,VOLCANIC_ROCK_VOUCHER_10250,SEASHELLS,49.0,1
6694,1361300,Camilla,Penelope,VOLCANIC_ROCK_VOUCHER_10250,SEASHELLS,51.0,14
