,timestamp,buyer,seller,symbol,currency,price,quantity
38,3500,Camilla,Caesar,VOLCANIC_ROCK_VOUCHER_10000,SEASHELLS,234.0,14
39,3500,Caesar,Caesar,VOLCANIC_ROCK_VOUCHER_10000,SEASHELLS,234.0,2
51,4200,Camilla,Pablo,VOLCANIC_ROCK_VOUCHER_10000,SEASHELLS,227.0,7
63,4800,Penelope,Camilla,VOLCANIC_ROCK_VOUCHER_10000,SEASHELLS,232.0,15
99,7000,Penelope,Camilla,VOLCANIC_ROCK_VOUCHER_10000,SEASHELLS,241.0,15
109,7600,Camilla,Caesar,VOLCANIC_ROCK_VOUCHER_10000,SEASHELLS,238.0,13
134,9400,Camilla,Pablo,VOLCANIC_ROCK_VOUCHER_10000,SEASHELLS,234.0,10
175,12500,Camilla,Caesar,VOLCANIC_ROCK_VOUCHER_10000,SEASHELLS,215.0,18
215,15000,Camilla,Caesar,VOLCANIC_ROCK_VOUCHER_10000,SEASHELLS,212.0,17
249,17300,Camilla,Pablo,VOLCANIC_ROCK_VOUCHER_10000,SEASHELLS,215.0,9
257,17900,Camilla,Pablo,VOLCANIC_ROCK_VOUCHER_10000,SEASHELLS,216.0,14
283,19400,Camilla,Caesar,VOLCANIC_ROCK_VOUCHER_10000,SEASHELLS,219.0,17
313,21000,Camilla,Caesar,VOLCANIC_ROCK_VOUCHER_10000,SEASHELLS,217.0,12
322,21300,Camilla,Caesar,VOLCANIC_ROCK_VOUCHER_10000,SEASHELLS,221.0,14
327,21400,Camilla,Penelope,VOLCANIC_ROCK_VOUCHER_10000,SEASHELLS,218.0,17
355,22800,Camilla,Caesar,VOLCANIC_ROCK_VOUCHER_10000,SEASHELLS,222.0,17
356,22800,Caesar,Caesar,VOLCANIC_ROCK_VOUCHER_10000,SEASHELLS,222.0,1
379,24100,Camilla,Caesar,VOLCANIC_ROCK_VOUCHER_10000,SEASHELLS,217.0,15
408,26400,Camilla,Caesar,VOLCANIC_ROCK_VOUCHER_10000,SEASHELLS,214.0,10
421,27100,Camilla,Caesar,VOLCANIC_ROCK_VOUCHER_10000,SEASHELLS,218.0,11
431,27800,Camilla,Caesar,VOLCANIC_ROCK_VOUCHER_10000,SEASHELLS,216.0,15
456,29500,Camilla,Caesar,VOLCANIC_ROCK_VOUCHER_10000,SEASHELLS,205.0,11
477,30700,Penelope,Camilla,VOLCANIC_ROCK_VOUCHER_10000,SEASHELLS,202.0,12
488,31200,Camilla,Penelope,VOLCANIC_ROCK_VOUCHER_10000,SEASHELLS,199.0,11
499,31800,Camilla,Caesar,VOLCANIC_ROCK_VOUCHER_10000,SEASHELLS,200.0,16
500,31800,Caesar,Caesar,VOLCANIC_ROCK_VOUCHER_10000,SEASHELLS,200.0,1
520,32600,Penelope,Camilla,VOLCANIC_ROCK_VOUCHER_10000,SEASHELLS,202.0,17
549,34800,Camilla,Caesar,VOLCANIC_ROCK_VOUCHER_10000,SEASHELLS,208.0,10
564,35600,Camilla,Caesar,VOLCANIC_ROCK_VOUCHER_10000,SEASHELLS,209.0,14
576,36800,Camilla,Pablo,VOLCANIC_ROCK_VOUCHER_10000,SEASHELLS,210.0,12
577,36800,Caesar,Pablo,VOLCANIC_ROCK_VOUCHER_10000,SEASHELLS,210.0,2
605,38100,Camilla,Caesar,VOLCANIC_ROCK_VOUCHER_10000,SEASHELLS,213.0,13
629,40300,Camilla,Penelope,VOLCANIC_ROCK_VOUCHER_10000,SEASHELLS,213.0,10
639,41200,Camilla,Caesar,VOLCANIC_ROCK_VOUCHER_10000,SEASHELLS,211.0,11
667,43600,Camilla,Caesar,VOLCANIC_ROCK_VOUCHER_10000,SEASHELLS,201.0,12
694,45300,Camilla,Pablo,VOLCANIC_ROCK_VOUCHER_10000,SEASHELLS,205.0,12
702,45700,Camilla,Caesar,VOLCANIC_ROCK_VOUCHER_10000,SEASHELLS,204.0,14
708,46100,Camilla,Pablo,VOLCANIC_ROCK_VOUCHER_10000,SEASHELLS,206.0,10
731,47600,Camilla,Caesar,VOLCANIC_ROCK_VOUCHER_10000,SEASHELLS,200.0,12
746,48300,Camilla,Pablo,VOLCANIC_ROCK_VOUCHER_10000,SEASHELLS,198.0,10
747,48300,Caesar,Pablo,VOLCANIC_ROCK_VOUCHER_10000,SEASHELLS,198.0,2
767,49100,Penelope,Camilla,VOLCANIC_ROCK_VOUCHER_10000,SEASHELLS,195.0,11
784,50100,Camilla,Caesar,VOLCANIC_ROCK_VOUCHER_10000,SEASHELLS,191.0,12
785,50100,Caesar,Caesar,VOLCANIC_ROCK_VOUCHER_10000,SEASHELLS,191.0,2
808,50700,Camilla,Caesar,VOLCANIC_ROCK_VOUCHER_10000,SEASHELLS,190.0,11
840,52700,Camilla,Pablo,VOLCANIC_ROCK_VOUCHER_10000,SEASHELLS,185.0,10
841,52700,Caesar,Pablo,VOLCANIC_ROCK_VOUCHER_10000,SEASHELLS,185.0,2
856,53400,Camilla,Pablo,VOLCANIC_ROCK_VOUCHER_10000,SEASHELLS,185.0,11
900,56500,Camilla,Caesar,VOLCANIC_ROCK_VOUCHER_10000,SEASHELLS,181.0,15
901,56500,Caesar,Caesar,VOLCANIC_ROCK_VOUCHER_10000,SEASHELLS,181.0,2
910,56600,Camilla,Caesar,VOLCANIC_ROCK_VOUCHER_10000,SEASHELLS,180.0,16
918,57000,Camilla,Caesar,VOLCANIC_ROCK_VOUCHER_10000,SEASHELLS,184.0,19
919,57000,Caesar,Caesar,VOLCANIC_ROCK_VOUCHER_10000,SEASHELLS,184.0,1
932,57100,Camilla,Penelope,VOLCANIC_ROCK_VOUCHER_10000,SEASHELLS,182.0,16
952,58200,Camilla,Caesar,VOLCANIC_ROCK_VOUCHER_10000,SEASHELLS,177.0,19
968,58700,Camilla,Caesar,VOLCANIC_ROCK_VOUCHER_10000,SEASHELLS,177.0,10
1050,63600,Camilla,Penelope,VOLCANIC_ROCK_VOUCHER_10000,SEASHELLS,202.0,12
1051,63600,Caesar,Penelope,VOLCANIC_ROCK_VOUCHER_10000,SEASHELLS,202.0,1
1106,66300,Camilla,Caesar,VOLCANIC_ROCK_VOUCHER_10000,SEASHELLS,205.0,13
1121,67200,Camilla,Caesar,VOLCANIC_ROCK_VOUCHER_10000,SEASHELLS,201.0,11
1122,67200,Caesar,Caesar,VOLCANIC_ROCK_VOUCHER_10000,SEASHELLS,201.0,1
1165,69300,Camilla,Pablo,VOLCANIC_ROCK_VOUCHER_10000,SEASHELLS,209.0,15
1173,69600,Camilla,Caesar,VOLCANIC_ROCK_VOUCHER_10000,SEASHELLS,206.0,20
1192,71700,Camilla,Caesar,VOLCANIC_ROCK_VOUCHER_10000,SEASHELLS,206.0,11
1193,71700,Caesar,Caesar,VOLCANIC_ROCK_VOUCHER_10000,SEASHELLS,206.0,1
1226,73000,Camilla,Caesar,VOLCANIC_ROCK_VOUCHER_10000,SEASHELLS,202.0,12
1265,74900,Camilla,Caesar,VOLCANIC_ROCK_VOUCHER_10000,SEASHELLS,199.0,14
1287,76000,Camilla,Caesar,VOLCANIC_ROCK_VOUCHER_10000,SEASHELLS,200.0,16
1288,76000,Caesar,Caesar,VOLCANIC_ROCK_VOUCHER_10000,SEASHELLS,200.0,1
1323,78500,Camilla,Caesar,VOLCANIC_ROCK_VOUCHER_10000,SEASHELLS,198.0,14
1345,80000,Camilla,Pablo,VOLCANIC_ROCK_VOUCHER_10000,SEASHELLS,198.0,15
1352,80200,Camilla,Caesar,VOLCANIC_ROCK_VOUCHER_10000,SEASHELLS,196.0,12
1377,81700,Penelope,Camilla,VOLCANIC_ROCK_VOUCHER_10000,SEASHELLS,201.0,11
1378,81700,Penelope,Caesar,VOLCANIC_ROCK_VOUCHER_10000,SEASHELLS,201.0,1
1415,83800,Camilla,Caesar,VOLCANIC_ROCK_VOUCHER_10000,SEASHELLS,204.0,11
1439,85100,Camilla,Pablo,VOLCANIC_ROCK_VOUCHER_10000,SEASHELLS,199.0,5
1448,85400,Camilla,Pablo,VOLCANIC_ROCK_VOUCHER_10000,SEASHELLS,197.0,9
1511,88700,Camilla,Caesar,VOLCANIC_ROCK_VOUCHER_10000,SEASHELLS,197.0,12
1532,89900,Penelope,Camilla,VOLCANIC_ROCK_VOUCHER_10000,SEASHELLS,205.0,14
1538,90400,Camilla,Pablo,VOLCANIC_ROCK_VOUCHER_10000,SEASHELLS,194.0,10
1551,90700,Penelope,Camilla,VOLCANIC_ROCK_VOUCHER_10000,SEASHELLS,194.0,12
1552,90700,Penelope,Caesar,VOLCANIC_ROCK_VOUCHER_10000,SEASHELLS,194.0,2
1589,92000,Penelope,Camilla,VOLCANIC_ROCK_VOUCHER_10000,SEASHELLS,198.0,15
1596,92400,Camilla,Caesar,VOLCANIC_ROCK_VOUCHER_10000,SEASHELLS,204.0,11
1607,92900,Camilla,Caesar,VOLCANIC_ROCK_VOUCHER_10000,SEASHELLS,204.0,16
1626,94000,Camilla,Caesar,VOLCANIC_ROCK_VOUCHER_10000,SEASHELLS,201.0,15
1627,94000,Caesar,Caesar,VOLCANIC_ROCK_VOUCHER_10000,SEASHELLS,201.0,2
1655,95900,Camilla,Caesar,VOLCANIC_ROCK_VOUCHER_10000,SEASHELLS,195.0,15
1727,101300,Camilla,Caesar,VOLCANIC_ROCK_VOUCHER_10000,SEASHELLS,176.0,17
1738,102000,Camilla,Caesar,VOLCANIC_ROCK_VOUCHER_10000,SEASHELLS,179.0,13
1746,102100,Camilla,Pablo,VOLCANIC_ROCK_VOUCHER_10000,SEASHELLS,174.0,8
1760,102600,Camilla,Caesar,VOLCANIC_ROCK_VOUCHER_10000,SEASHELLS,175.0,19
1781,104000,Camilla,Pablo,VOLCANIC_ROCK_VOUCHER_10000,SEASHELLS,177.0,5
1786,104200,Camilla,Caesar,VOLCANIC_ROCK_VOUCHER_10000,SEASHELLS,176.0,16
1787,104200,Caesar,Caesar,VOLCANIC_ROCK_VOUCHER_10000,SEASHELLS,176.0,2
1821,105900,Camilla,Penelope,VOLCANIC_ROCK_VOUCHER_10000,SEASHELLS,179.0,16
1841,107000,Camilla,Penelope,VOLCANIC_ROCK_VOUCHER_10000,SEASHELLS,172.0,10
1860,108400,Camilla,Caesar,VOLCANIC_ROCK_VOUCHER_10000,SEASHELLS,165.0,16
1905,111000,Camilla,Penelope,VOLCANIC_ROCK_VOUCHER_10000,SEASHELLS,176.0,14
1925,112000,Camilla,Caesar,VOLCANIC_ROCK_VOUCHER_10000,SEASHELLS,181.0,14
1926,112000,Caesar,Caesar,VOLCANIC_ROCK_VOUCHER_10000,SEASHELLS,181.0,2
1943,113600,Camilla,Caesar,VOLCANIC_ROCK_VOUCHER_10000,SEASHELLS,178.0,12
1944,113600,Caesar,Caesar,VOLCANIC_ROCK_VOUCHER_10000,SEASHELLS,178.0,2
1952,113900,Camilla,Pablo,VOLCANIC_ROCK_VOUCHER_10000,SEASHELLS,179.0,7
1968,114500,Camilla,Caesar,VOLCANIC_ROCK_VOUCHER_10000,SEASHELLS,176.0,11
1969,114500,Caesar,Caesar,VOLCANIC_ROCK_VOUCHER_10000,SEASHELLS,176.0,2
2010,116400,Camilla,Caesar,VOLCANIC_ROCK_VOUCHER_10000,SEASHELLS,176.0,19
2011,116400,Caesar,Caesar,VOLCANIC_ROCK_VOUCHER_10000,SEASHELLS,176.0,1
2073,121000,Penelope,Camilla,VOLCANIC_ROCK_VOUCHER_10000,SEASHELLS,174.0,16
2074,121000,Penelope,Caesar,VOLCANIC_ROCK_VOUCHER_10000,SEASHELLS,174.0,2
2087,121700,Camilla,Caesar,VOLCANIC_ROCK_VOUCHER_10000,SEASHELLS,168.0,11
2161,127200,Camilla,Caesar,VOLCANIC_ROCK_VOUCHER_10000,SEASHELLS,179.0,10
2194,128900,Camilla,Caesar,VOLCANIC_ROCK_VOUCHER_10000,SEASHELLS,176.0,12
2202,129100,Camilla,Pablo,VOLCANIC_ROCK_VOUCHER_10000,SEASHELLS,176.0,15
2227,130400,Camilla,Pablo,VOLCANIC_ROCK_VOUCHER_10000,SEASHELLS,176.0,12
2235,130500,Camilla,Pablo,VOLCANIC_ROCK_VOUCHER_10000,SEASHELLS,175.0,13
2254,131900,Camilla,Caesar,VOLCANIC_ROCK_VOUCHER_10000,SEASHELLS,175.0,11
2259,132000,Camilla,Pablo,VOLCANIC_ROCK_VOUCHER_10000,SEASHELLS,174.0,5
2279,133200,Camilla,Caesar,VOLCANIC_ROCK_VOUCHER_10000,SEASHELLS,176.0,13
2280,133200,Caesar,Caesar,VOLCANIC_ROCK_VOUCHER_10000,SEASHELLS,176.0,1
2293,134200,Camilla,Caesar,VOLCANIC_ROCK_VOUCHER_10000,SEASHELLS,189.0,13
2294,134200,Caesar,Caesar,VOLCANIC_ROCK_VOUCHER_10000,SEASHELLS,189.0,2
2319,135000,Camilla,Pablo,VOLCANIC_ROCK_VOUCHER_10000,SEASHELLS,186.0,11
2340,136700,Camilla,Caesar,VOLCANIC_ROCK_VOUCHER_10000,SEASHELLS,180.0,17
2383,139700,Camilla,Caesar,VOLCANIC_ROCK_VOUCHER_10000,SEASHELLS,189.0,12
2384,139700,Caesar,Caesar,VOLCANIC_ROCK_VOUCHER_10000,SEASHELLS,189.0,1
2396,140100,Camilla,Caesar,VOLCANIC_ROCK_VOUCHER_10000,SEASHELLS,188.0,10
2446,143100,Penelope,Camilla,VOLCANIC_ROCK_VOUCHER_10000,SEASHELLS,198.0,12
2453,143600,Camilla,Pablo,VOLCANIC_ROCK_VOUCHER_10000,SEASHELLS,199.0,5
2463,143900,Camilla,Caesar,VOLCANIC_ROCK_VOUCHER_10000,SEASHELLS,195.0,11
2474,144400,Camilla,Caesar,VOLCANIC_ROCK_VOUCHER_10000,SEASHELLS,192.0,14
2482,144800,Camilla,Caesar,VOLCANIC_ROCK_VOUCHER_10000,SEASHELLS,191.0,13
2501,145800,Penelope,Camilla,VOLCANIC_ROCK_VOUCHER_10000,SEASHELLS,199.0,15
2502,145800,Penelope,Caesar,VOLCANIC_ROCK_VOUCHER_10000,SEASHELLS,199.0,1
2510,145900,Camilla,Penelope,VOLCANIC_ROCK_VOUCHER_10000,SEASHELLS,195.0,12
2511,145900,Caesar,Penelope,VOLCANIC_ROCK_VOUCHER_10000,SEASHELLS,195.0,2
2521,146100,Penelope,Camilla,VOLCANIC_ROCK_VOUCHER_10000,SEASHELLS,196.0,10
2579,151400,Penelope,Camilla,VOLCANIC_ROCK_VOUCHER_10000,SEASHELLS,201.0,10
2580,151400,Penelope,Caesar,VOLCANIC_ROCK_VOUCHER_10000,SEASHELLS,201.0,1
2599,152800,Camilla,Penelope,VOLCANIC_ROCK_VOUCHER_10000,SEASHELLS,196.0,16
2616,153900,Camilla,Caesar,VOLCANIC_ROCK_VOUCHER_10000,SEASHELLS,200.0,12
2635,154800,Camilla,Pablo,VOLCANIC_ROCK_VOUCHER_10000,SEASHELLS,199.0,9
2647,155200,Camilla,Caesar,VOLCANIC_ROCK_VOUCHER_10000,SEASHELLS,199.0,13
2652,155300,Camilla,Caesar,VOLCANIC_ROCK_VOUCHER_10000,SEASHELLS,201.0,12
2661,156000,Camilla,Caesar,VOLCANIC_ROCK_VOUCHER_10000,SEASHELLS,203.0,19
2670,156200,Camilla,Pablo,VOLCANIC_ROCK_VOUCHER_10000,SEASHELLS,202.0,6
2682,156500,Camilla,Caesar,VOLCANIC_ROCK_VOUCHER_10000,SEASHELLS,199.0,11
2692,156900,Camilla,Caesar,VOLCANIC_ROCK_VOUCHER_10000,SEASHELLS,199.0,19
2762,161800,Camilla,Caesar,VOLCANIC_ROCK_VOUCHER_10000,SEASHELLS,213.0,16
2778,162300,Camilla,Caesar,VOLCANIC_ROCK_VOUCHER_10000,SEASHELLS,218.0,11
2779,162300,Caesar,Caesar,VOLCANIC_ROCK_VOUCHER_10000,SEASHELLS,218.0,2
2791,162600,Camilla,Caesar,VOLCANIC_ROCK_VOUCHER_10000,SEASHELLS,217.0,11
2843,165800,Camilla,Penelope,VOLCANIC_ROCK_VOUCHER_10000,SEASHELLS,206.0,11
2844,165800,Caesar,Penelope,VOLCANIC_ROCK_VOUCHER_10000,SEASHELLS,206.0,2
2873,167800,Camilla,Caesar,VOLCANIC_ROCK_VOUCHER_10000,SEASHELLS,203.0,17
2896,169300,Camilla,Caesar,VOLCANIC_ROCK_VOUCHER_10000,SEASHELLS,198.0,13
2937,172200,Camilla,Pablo,VOLCANIC_ROCK_VOUCHER_10000,SEASHELLS,184.0,13
2951,172500,Camilla,Pablo,VOLCANIC_ROCK_VOUCHER_10000,SEASHELLS,184.0,15
2961,172900,Camilla,Pablo,VOLCANIC_ROCK_VOUCHER_10000,SEASHELLS,184.0,12
2962,172900,Caesar,Pablo,VOLCANIC_ROCK_VOUCHER_10000,SEASHELLS,184.0,1
2979,173300,Camilla,Caesar,VOLCANIC_ROCK_VOUCHER_10000,SEASHELLS,186.0,11
2986,173500,Camilla,Pablo,VOLCANIC_ROCK_VOUCHER_10000,SEASHELLS,190.0,7
3026,176200,Camilla,Caesar,VOLCANIC_ROCK_VOUCHER_10000,SEASHELLS,183.0,12
3044,177800,Camilla,Penelope,VOLCANIC_ROCK_VOUCHER_10000,SEASHELLS,180.0,15
3053,178300,Camilla,Pablo,VOLCANIC_ROCK_VOUCHER_10000,SEASHELLS,176.0,10
3058,178400,Camilla,Caesar,VOLCANIC_ROCK_VOUCHER_10000,SEASHELLS,176.0,14
3075,179300,Camilla,Caesar,VOLCANIC_ROCK_VOUCHER_10000,SEASHELLS,174.0,15
3076,179300,Caesar,Caesar,VOLCANIC_ROCK_VOUCHER_10000,SEASHELLS,174.0,2
3096,179900,Camilla,Penelope,VOLCANIC_ROCK_VOUCHER_10000,SEASHELLS,171.0,10
3112,180800,Camilla,Caesar,VOLCANIC_ROCK_VOUCHER_10000,SEASHELLS,166.0,10
3120,180900,Camilla,Pablo,VOLCANIC_ROCK_VOUCHER_10000,SEASHELLS,170.0,6
3135,182100,Camilla,Pablo,VOLCANIC_ROCK_VOUCHER_10000,SEASHELLS,167.0,9
3161,183500,Camilla,Caesar,VOLCANIC_ROCK_VOUCHER_10000,SEASHELLS,171.0,14
3182,184100,Camilla,Caesar,VOLCANIC_ROCK_VOUCHER_10000,SEASHELLS,169.0,16
3217,186500,Camilla,Caesar,VOLCANIC_ROCK_VOUCHER_10000,SEASHELLS,160.0,13
3234,187500,Camilla,Caesar,VOLCANIC_ROCK_VOUCHER_10000,SEASHELLS,160.0,16
3249,188400,Camilla,Caesar,VOLCANIC_ROCK_VOUCHER_10000,SEASHELLS,161.0,18
3250,188400,Caesar,Caesar,VOLCANIC_ROCK_VOUCHER_10000,SEASHELLS,161.0,2
3270,189200,Camilla,Caesar,VOLCANIC_ROCK_VOUCHER_10000,SEASHELLS,161.0,16
3271,189200,Caesar,Caesar,VOLCANIC_ROCK_VOUCHER_10000,SEASHELLS,161.0,1
3309,191100,Camilla,Caesar,VOLCANIC_ROCK_VOUCHER_10000,SEASHELLS,160.0,18
3310,191100,Caesar,Caesar,VOLCANIC_ROCK_VOUCHER_10000,SEASHELLS,160.0,2
3321,191200,Camilla,Caesar,VOLCANIC_ROCK_VOUCHER_10000,SEASHELLS,158.0,16
3344,192400,Camilla,Penelope,VOLCANIC_ROCK_VOUCHER_10000,SEASHELLS,156.0,16
3345,192400,Caesar,Penelope,VOLCANIC_ROCK_VOUCHER_10000,SEASHELLS,156.0,1
3359,192900,Camilla,Penelope,VOLCANIC_ROCK_VOUCHER_10000,SEASHELLS,160.0,10
3367,193000,Camilla,Caesar,VOLCANIC_ROCK_VOUCHER_10000,SEASHELLS,163.0,19
3379,193600,Penelope,Camilla,VOLCANIC_ROCK_VOUCHER_10000,SEASHELLS,161.0,14
3411,195900,Camilla,Caesar,VOLCANIC_ROCK_VOUCHER_10000,SEASHELLS,162.0,10
3412,195900,Caesar,Caesar,VOLCANIC_ROCK_VOUCHER_10000,SEASHELLS,162.0,2
3435,196500,Penelope,Camilla,VOLCANIC_ROCK_VOUCHER_10000,SEASHELLS,164.0,12
3444,197300,Camilla,Caesar,VOLCANIC_ROCK_VOUCHER_10000,SEASHELLS,166.0,17
3451,197800,Camilla,Caesar,VOLCANIC_ROCK_VOUCHER_10000,SEASHELLS,169.0,10
3485,200300,Camilla,Caesar,VOLCANIC_ROCK_VOUCHER_10000,SEASHELLS,168.0,11
3502,201200,Camilla,Penelope,VOLCANIC_ROCK_VOUCHER_10000,SEASHELLS,172.0,17
3509,201400,Camilla,Caesar,VOLCANIC_ROCK_VOUCHER_10000,SEASHELLS,176.0,17
3540,202600,Camilla,Caesar,VOLCANIC_ROCK_VOUCHER_10000,SEASHELLS,171.0,12
3541,202600,Caesar,Caesar,VOLCANIC_ROCK_VOUCHER_10000,SEASHELLS,171.0,2
3555,203000,Camilla,Penelope,VOLCANIC_ROCK_VOUCHER_10000,SEASHELLS,172.0,17
3556,203000,Caesar,Penelope,VOLCANIC_ROCK_VOUCHER_10000,SEASHELLS,172.0,2
3583,204900,Penelope,Camilla,VOLCANIC_ROCK_VOUCHER_10000,SEASHELLS,170.0,10
3601,205900,Camilla,Caesar,VOLCANIC_ROCK_VOUCHER_10000,SEASHELLS,169.0,15
3612,206200,Camilla,Penelope,VOLCANIC_ROCK_VOUCHER_10000,SEASHELLS,176.0,10
3618,206500,Camilla,Caesar,VOLCANIC_ROCK_VOUCHER_10000,SEASHELLS,185.0,16
3650,208200,Camilla,Caesar,VOLCANIC_ROCK_VOUCHER_10000,SEASHELLS,181.0,19
3660,208600,Camilla,Pablo,VOLCANIC_ROCK_VOUCHER_10000,SEASHELLS,180.0,13
3670,209100,Camilla,Pablo,VOLCANIC_ROCK_VOUCHER_10000,SEASHELLS,177.0,7
3688,209600,Penelope,Camilla,VOLCANIC_ROCK_VOUCHER_10000,SEASHELLS,175.0,10
3696,209900,Camilla,Penelope,VOLCANIC_ROCK_VOUCHER_10000,SEASHELLS,173.0,13
3697,209900,Caesar,Penelope,VOLCANIC_ROCK_VOUCHER_10000,SEASHELLS,173.0,2
3733,211800,Camilla,Caesar,VOLCANIC_ROCK_VOUCHER_10000,SEASHELLS,164.0,10
3761,212900,Camilla,Caesar,VOLCANIC_ROCK_VOUCHER_10000,SEASHELLS,177.0,12
3772,213200,Camilla,Caesar,VOLCANIC_ROCK_VOUCHER_10000,SEASHELLS,174.0,12
3773,213200,Caesar,Caesar,VOLCANIC_ROCK_VOUCHER_10000,SEASHELLS,174.0,1
3790,213700,Camilla,Penelope,VOLCANIC_ROCK_VOUCHER_10000,SEASHELLS,173.0,11
3791,213700,Caesar,Penelope,VOLCANIC_ROCK_VOUCHER_10000,SEASHELLS,173.0,1
3803,214200,Camilla,Caesar,VOLCANIC_ROCK_VOUCHER_10000,SEASHELLS,178.0,15
3810,214600,Camilla,Penelope,VOLCANIC_ROCK_VOUCHER_10000,SEASHELLS,177.0,20
3843,217100,Camilla,Caesar,VOLCANIC_ROCK_VOUCHER_10000,SEASHELLS,169.0,14
3858,217700,Camilla,Pablo,VOLCANIC_ROCK_VOUCHER_10000,SEASHELLS,164.0,13
3872,218700,Camilla,Caesar,VOLCANIC_ROCK_VOUCHER_10000,SEASHELLS,164.0,10
3873,218700,Caesar,Caesar,VOLCANIC_ROCK_VOUCHER_10000,SEASHELLS,164.0,1
3882,218800,Camilla,Caesar,VOLCANIC_ROCK_VOUCHER_10000,SEASHELLS,161.0,12
3883,218800,Caesar,Caesar,VOLCANIC_ROCK_VOUCHER_10000,SEASHELLS,161.0,2
3908,219700,Camilla,Caesar,VOLCANIC_ROCK_VOUCHER_10000,SEASHELLS,170.0,14
3923,220900,Camilla,Caesar,VOLCANIC_ROCK_VOUCHER_10000,SEASHELLS,176.0,12
3924,220900,Caesar,Caesar,VOLCANIC_ROCK_VOUCHER_10000,SEASHELLS,176.0,2
3937,221100,Penelope,Camilla,VOLCANIC_ROCK_VOUCHER_10000,SEASHELLS,177.0,18
3938,221100,Penelope,Caesar,VOLCANIC_ROCK_VOUCHER_10000,SEASHELLS,177.0,1
3957,222300,Penelope,Camilla,VOLCANIC_ROCK_VOUCHER_10000,SEASHELLS,183.0,20
3977,223300,Camilla,Penelope,VOLCANIC_ROCK_VOUCHER_10000,SEASHELLS,181.0,11
3998,224100,Camilla,Caesar,VOLCANIC_ROCK_VOUCHER_10000,SEASHELLS,180.0,20
4003,224200,Camilla,Pablo,VOLCANIC_ROCK_VOUCHER_10000,SEASHELLS,179.0,14
4015,224900,Camilla,Penelope,VOLCANIC_ROCK_VOUCHER_10000,SEASHELLS,183.0,15
4016,224900,Caesar,Penelope,VOLCANIC_ROCK_VOUCHER_10000,SEASHELLS,183.0,1
4026,225200,Camilla,Caesar,VOLCANIC_ROCK_VOUCHER_10000,SEASHELLS,176.0,12
4034,225600,Camilla,Penelope,VOLCANIC_ROCK_VOUCHER_10000,SEASHELLS,178.0,10
4061,228000,Camilla,Pablo,VOLCANIC_ROCK_VOUCHER_10000,SEASHELLS,178.0,7
4070,228500,Camilla,Caesar,VOLCANIC_ROCK_VOUCHER_10000,SEASHELLS,172.0,17
4091,229700,Camilla,Caesar,VOLCANIC_ROCK_VOUCHER_10000,SEASHELLS,170.0,14
4092,229700,Caesar,Caesar,VOLCANIC_ROCK_VOUCHER_10000,SEASHELLS,170.0,1
4117,231400,Camilla,Penelope,VOLCANIC_ROCK_VOUCHER_10000,SEASHELLS,169.0,11
4118,231400,Caesar,Penelope,VOLCANIC_ROCK_VOUCHER_10000,SEASHELLS,169.0,1
4127,231600,Camilla,Pablo,VOLCANIC_ROCK_VOUCHER_10000,SEASHELLS,167.0,14
4177,234800,Camilla,Caesar,VOLCANIC_ROCK_VOUCHER_10000,SEASHELLS,163.0,19
4183,234900,Camilla,Penelope,VOLCANIC_ROCK_VOUCHER_10000,SEASHELLS,168.0,15
4195,236000,Camilla,Caesar,VOLCANIC_ROCK_VOUCHER_10000,SEASHELLS,166.0,11
4205,236400,Camilla,Caesar,VOLCANIC_ROCK_VOUCHER_10000,SEASHELLS,167.0,11
4212,236800,Camilla,Caesar,VOLCANIC_ROCK_VOUCHER_10000,SEASHELLS,164.0,17
4223,237400,Camilla,Penelope,VOLCANIC_ROCK_VOUCHER_10000,SEASHELLS,160.0,11
4224,237400,Caesar,Penelope,VOLCANIC_ROCK_VOUCHER_10000,SEASHELLS,160.0,2
4225,237400,Caesar,Penelope,VOLCANIC_ROCK_VOUCHER_10000,SEASHELLS,160.0,6
4239,237800,Camilla,Caesar,VOLCANIC_ROCK_VOUCHER_10000,SEASHELLS,167.0,13
4260,239000,Camilla,Caesar,VOLCANIC_ROCK_VOUCHER_10000,SEASHELLS,156.0,10
4265,239300,Camilla,Caesar,VOLCANIC_ROCK_VOUCHER_10000,SEASHELLS,161.0,11
4266,239300,Caesar,Caesar,VOLCANIC_ROCK_VOUCHER_10000,SEASHELLS,161.0,1
4273,239400,Camilla,Caesar,VOLCANIC_ROCK_VOUCHER_10000,SEASHELLS,156.0,14
4274,239400,Caesar,Caesar,VOLCANIC_ROCK_VOUCHER_10000,SEASHELLS,156.0,1
4285,239900,Penelope,Camilla,VOLCANIC_ROCK_VOUCHER_10000,SEASHELLS,164.0,13
4286,239900,Penelope,Caesar,VOLCANIC_ROCK_VOUCHER_10000,SEASHELLS,164.0,1
4299,240200,Camilla,Caesar,VOLCANIC_ROCK_VOUCHER_10000,SEASHELLS,163.0,10
4312,240800,Camilla,Caesar,VOLCANIC_ROCK_VOUCHER_10000,SEASHELLS,156.0,12
4313,240800,Caesar,Caesar,VOLCANIC_ROCK_VOUCHER_10000,SEASHELLS,156.0,1
4338,242000,Camilla,Caesar,VOLCANIC_ROCK_VOUCHER_10000,SEASHELLS,152.0,14
4365,243600,Camilla,Caesar,VOLCANIC_ROCK_VOUCHER_10000,SEASHELLS,146.0,10
4381,244200,Camilla,Caesar,VOLCANIC_ROCK_VOUCHER_10000,SEASHELLS,147.0,15
4394,245000,Camilla,Caesar,VOLCANIC_ROCK_VOUCHER_10000,SEASHELLS,148.0,17
4412,246200,Camilla,Caesar,VOLCANIC_ROCK_VOUCHER_10000,SEASHELLS,147.0,10
4413,246200,Caesar,Caesar,VOLCANIC_ROCK_VOUCHER_10000,SEASHELLS,147.0,2
4423,246300,Camilla,Caesar,VOLCANIC_ROCK_VOUCHER_10000,SEASHELLS,146.0,12
4444,247900,Caesar,Penelope,VOLCANIC_ROCK_VOUCHER_10000,SEASHELLS,160.0,14
4447,248100,Camilla,Caesar,VOLCANIC_ROCK_VOUCHER_10000,SEASHELLS,159.0,16
4456,248800,Camilla,Caesar,VOLCANIC_ROCK_VOUCHER_10000,SEASHELLS,168.0,15
4463,249100,Camilla,Caesar,VOLCANIC_ROCK_VOUCHER_10000,SEASHELLS,167.0,15
4497,250300,Camilla,Caesar,VOLCANIC_ROCK_VOUCHER_10000,SEASHELLS,160.0,16
4508,250800,Camilla,Caesar,VOLCANIC_ROCK_VOUCHER_10000,SEASHELLS,161.0,15
4517,251200,Penelope,Camilla,VOLCANIC_ROCK_VOUCHER_10000,SEASHELLS,157.0,12
4544,252600,Camilla,Caesar,VOLCANIC_ROCK_VOUCHER_10000,SEASHELLS,161.0,14
4550,252700,Camilla,Caesar,VOLCANIC_ROCK_VOUCHER_10000,SEASHELLS,161.0,14
4601,255800,Camilla,Caesar,VOLCANIC_ROCK_VOUCHER_10000,SEASHELLS,173.0,10
4610,256800,Camilla,Caesar,VOLCANIC_ROCK_VOUCHER_10000,SEASHELLS,166.0,15
4629,257800,Camilla,Caesar,VOLCANIC_ROCK_VOUCHER_10000,SEASHELLS,168.0,17
4637,258000,Camilla,Pablo,VOLCANIC_ROCK_VOUCHER_10000,SEASHELLS,171.0,8
4649,258600,Camilla,Caesar,VOLCANIC_ROCK_VOUCHER_10000,SEASHELLS,160.0,16
4676,260400,Camilla,Caesar,VOLCANIC_ROCK_VOUCHER_10000,SEASHELLS,159.0,14
4677,260400,Caesar,Caesar,VOLCANIC_ROCK_VOUCHER_10000,SEASHELLS,159.0,2
4703,261100,Camilla,Penelope,VOLCANIC_ROCK_VOUCHER_10000,SEASHELLS,158.0,12
4718,262000,Penelope,Camilla,VOLCANIC_ROCK_VOUCHER_10000,SEASHELLS,154.0,11
4719,262000,Penelope,Caesar,VOLCANIC_ROCK_VOUCHER_10000,SEASHELLS,154.0,1
4734,262300,Camilla,Penelope,VOLCANIC_ROCK_VOUCHER_10000,SEASHELLS,155.0,15
4755,263800,Camilla,Pablo,VOLCANIC_ROCK_VOUCHER_10000,SEASHELLS,149.0,8
4777,265300,Camilla,Caesar,VOLCANIC_ROCK_VOUCHER_10000,SEASHELLS,137.0,19
4778,265300,Penelope,Camilla,VOLCANIC_ROCK_VOUCHER_10000,SEASHELLS,138.0,20
4789,265700,Camilla,Caesar,VOLCANIC_ROCK_VOUCHER_10000,SEASHELLS,136.0,14
4803,266100,Camilla,Caesar,VOLCANIC_ROCK_VOUCHER_10000,SEASHELLS,135.0,11
4814,266500,Camilla,Pablo,VOLCANIC_ROCK_VOUCHER_10000,SEASHELLS,137.0,11
4824,267100,Camilla,Caesar,VOLCANIC_ROCK_VOUCHER_10000,SEASHELLS,145.0,10
4825,267100,Caesar,Caesar,VOLCANIC_ROCK_VOUCHER_10000,SEASHELLS,145.0,2
4844,267800,Camilla,Caesar,VOLCANIC_ROCK_VOUCHER_10000,SEASHELLS,145.0,15
4845,267800,Caesar,Caesar,VOLCANIC_ROCK_VOUCHER_10000,SEASHELLS,145.0,2
4856,268200,Camilla,Pablo,VOLCANIC_ROCK_VOUCHER_10000,SEASHELLS,145.0,11
4857,268200,Caesar,Pablo,VOLCANIC_ROCK_VOUCHER_10000,SEASHELLS,145.0,1
4880,269100,Camilla,Caesar,VOLCANIC_ROCK_VOUCHER_10000,SEASHELLS,139.0,12
4881,269100,Caesar,Caesar,VOLCANIC_ROCK_VOUCHER_10000,SEASHELLS,139.0,1
4918,271300,Camilla,Penelope,VOLCANIC_ROCK_VOUCHER_10000,SEASHELLS,135.0,13
4919,271300,Caesar,Penelope,VOLCANIC_ROCK_VOUCHER_10000,SEASHELLS,135.0,1
4969,274000,Camilla,Caesar,VOLCANIC_ROCK_VOUCHER_10000,SEASHELLS,142.0,10
4974,274100,Camilla,Pablo,VOLCANIC_ROCK_VOUCHER_10000,SEASHELLS,141.0,12
4979,274200,Camilla,Penelope,VOLCANIC_ROCK_VOUCHER_10000,SEASHELLS,140.0,17
4980,274200,Caesar,Penelope,VOLCANIC_ROCK_VOUCHER_10000,SEASHELLS,140.0,1
4993,275000,Camilla,Penelope,VOLCANIC_ROCK_VOUCHER_10000,SEASHELLS,140.0,10
5024,276700,Camilla,Caesar,VOLCANIC_ROCK_VOUCHER_10000,SEASHELLS,108.0,15
5040,277800,Camilla,Caesar,VOLCANIC_ROCK_VOUCHER_10000,SEASHELLS,113.0,16
5058,278700,Camilla,Caesar,VOLCANIC_ROCK_VOUCHER_10000,SEASHELLS,111.0,14
5059,278700,Penelope,Camilla,VOLCANIC_ROCK_VOUCHER_10000,SEASHELLS,112.0,18
5085,280300,Camilla,Pablo,VOLCANIC_ROCK_VOUCHER_10000,SEASHELLS,108.0,8
5090,280400,Camilla,Caesar,VOLCANIC_ROCK_VOUCHER_10000,SEASHELLS,114.0,12
5124,282900,Camilla,Penelope,VOLCANIC_ROCK_VOUCHER_10000,SEASHELLS,134.0,11
5125,282900,Caesar,Penelope,VOLCANIC_ROCK_VOUCHER_10000,SEASHELLS,134.0,1
5154,284800,Camilla,Caesar,VOLCANIC_ROCK_VOUCHER_10000,SEASHELLS,131.0,12
5155,284800,Penelope,Camilla,VOLCANIC_ROCK_VOUCHER_10000,SEASHELLS,132.0,13
5163,284900,Camilla,Penelope,VOLCANIC_ROCK_VOUCHER_10000,SEASHELLS,130.0,15
5164,284900,Caesar,Penelope,VOLCANIC_ROCK_VOUCHER_10000,SEASHELLS,130.0,1
5184,286100,Camilla,Penelope,VOLCANIC_ROCK_VOUCHER_10000,SEASHELLS,132.0,15
5241,290300,Camilla,Penelope,VOLCANIC_ROCK_VOUCHER_10000,SEASHELLS,142.0,13
5260,291700,Penelope,Camilla,VOLCANIC_ROCK_VOUCHER_10000,SEASHELLS,156.0,15
5264,291800,Camilla,Caesar,VOLCANIC_ROCK_VOUCHER_10000,SEASHELLS,151.0,19
5282,293300,Penelope,Camilla,VOLCANIC_ROCK_VOUCHER_10000,SEASHELLS,146.0,14
5283,293300,Penelope,Caesar,VOLCANIC_ROCK_VOUCHER_10000,SEASHELLS,146.0,2
5293,293800,Camilla,Caesar,VOLCANIC_ROCK_VOUCHER_10000,SEASHELLS,151.0,10
5299,294000,Camilla,Caesar,VOLCANIC_ROCK_VOUCHER_10000,SEASHELLS,149.0,16
5322,295100,Camilla,Caesar,VOLCANIC_ROCK_VOUCHER_10000,SEASHELLS,145.0,12
5323,295100,Caesar,Caesar,VOLCANIC_ROCK_VOUCHER_10000,SEASHELLS,145.0,1
5336,295200,Camilla,Penelope,VOLCANIC_ROCK_VOUCHER_10000,SEASHELLS,144.0,15
5366,296900,Camilla,Caesar,VOLCANIC_ROCK_VOUCHER_10000,SEASHELLS,156.0,10
5380,297400,Camilla,Penelope,VOLCANIC_ROCK_VOUCHER_10000,SEASHELLS,155.0,16
5391,298500,Penelope,Camilla,VOLCANIC_ROCK_VOUCHER_10000,SEASHELLS,152.0,13
5409,299200,Camilla,Penelope,VOLCANIC_ROCK_VOUCHER_10000,SEASHELLS,159.0,10
5410,299200,Caesar,Penelope,VOLCANIC_ROCK_VOUCHER_10000,SEASHELLS,159.0,2
5418,299500,Camilla,Caesar,VOLCANIC_ROCK_VOUCHER_10000,SEASHELLS,163.0,16
5430,299900,Camilla,Caesar,VOLCANIC_ROCK_VOUCHER_10000,SEASHELLS,164.0,19
5468,301900,Penelope,Camilla,VOLCANIC_ROCK_VOUCHER_10000,SEASHELLS,179.0,16
5474,302200,Camilla,Caesar,VOLCANIC_ROCK_VOUCHER_10000,SEASHELLS,181.0,19
5488,303500,Camilla,Caesar,VOLCANIC_ROCK_VOUCHER_10000,SEASHELLS,171.0,11
5517,305100,Camilla,Penelope,VOLCANIC_ROCK_VOUCHER_10000,SEASHELLS,167.0,19
5523,305200,Camilla,Pablo,VOLCANIC_ROCK_VOUCHER_10000,SEASHELLS,171.0,8
5532,305400,Camilla,Caesar,VOLCANIC_ROCK_VOUCHER_10000,SEASHELLS,171.0,16
5533,305400,Caesar,Caesar,VOLCANIC_ROCK_VOUCHER_10000,SEASHELLS,171.0,1
5568,307100,Camilla,Pablo,VOLCANIC_ROCK_VOUCHER_10000,SEASHELLS,159.0,9
5583,307800,Camilla,Caesar,VOLCANIC_ROCK_VOUCHER_10000,SEASHELLS,162.0,18
5590,308000,Camilla,Caesar,VOLCANIC_ROCK_VOUCHER_10000,SEASHELLS,160.0,15
5591,308000,Caesar,Caesar,VOLCANIC_ROCK_VOUCHER_10000,SEASHELLS,160.0,1
5600,308200,Camilla,Pablo,VOLCANIC_ROCK_VOUCHER_10000,SEASHELLS,162.0,14
5629,309400,Camilla,Caesar,VOLCANIC_ROCK_VOUCHER_10000,SEASHELLS,164.0,19
5630,309400,Caesar,Caesar,VOLCANIC_ROCK_VOUCHER_10000,SEASHELLS,164.0,1
5640,309600,Camilla,Caesar,VOLCANIC_ROCK_VOUCHER_10000,SEASHELLS,165.0,10
5648,309900,Camilla,Pablo,VOLCANIC_ROCK_VOUCHER_10000,SEASHELLS,164.0,14
5686,313200,Camilla,Caesar,VOLCANIC_ROCK_VOUCHER_10000,SEASHELLS,143.0,20
5706,314600,Penelope,Camilla,VOLCANIC_ROCK_VOUCHER_10000,SEASHELLS,143.0,17
5710,314700,Camilla,Caesar,VOLCANIC_ROCK_VOUCHER_10000,SEASHELLS,147.0,12
5720,315000,Camilla,Penelope,VOLCANIC_ROCK_VOUCHER_10000,SEASHELLS,151.0,10
5727,315300,Camilla,Caesar,VOLCANIC_ROCK_VOUCHER_10000,SEASHELLS,153.0,12
5741,315700,Camilla,Caesar,VOLCANIC_ROCK_VOUCHER_10000,SEASHELLS,151.0,14
5752,316300,Penelope,Camilla,VOLCANIC_ROCK_VOUCHER_10000,SEASHELLS,148.0,12
5753,316300,Penelope,Caesar,VOLCANIC_ROCK_VOUCHER_10000,SEASHELLS,148.0,2
5769,317100,Camilla,Caesar,VOLCANIC_ROCK_VOUCHER_10000,SEASHELLS,143.0,15
5770,317100,Caesar,Caesar,VOLCANIC_ROCK_VOUCHER_10000,SEASHELLS,143.0,2
5780,317200,Camilla,Caesar,VOLCANIC_ROCK_VOUCHER_10000,SEASHELLS,148.0,11
5796,317500,Camilla,Caesar,VOLCANIC_ROCK_VOUCHER_10000,SEASHELLS,145.0,10
5797,317500,Caesar,Caesar,VOLCANIC_ROCK_VOUCHER_10000,SEASHELLS,145.0,2
5842,320200,Camilla,Caesar,VOLCANIC_ROCK_VOUCHER_10000,SEASHELLS,147.0,10
5843,320200,Caesar,Caesar,VOLCANIC_ROCK_VOUCHER_10000,SEASHELLS,147.0,2
5854,320500,Camilla,Caesar,VOLCANIC_ROCK_VOUCHER_10000,SEASHELLS,154.0,10
5871,321000,Camilla,Caesar,VOLCANIC_ROCK_VOUCHER_10000,SEASHELLS,152.0,17
5876,321100,Camilla,Pablo,VOLCANIC_ROCK_VOUCHER_10000,SEASHELLS,157.0,9
5887,321800,Camilla,Caesar,VOLCANIC_ROCK_VOUCHER_10000,SEASHELLS,153.0,12
5894,322000,Camilla,Pablo,VOLCANIC_ROCK_VOUCHER_10000,SEASHELLS,155.0,9
5906,322500,Camilla,Caesar,VOLCANIC_ROCK_VOUCHER_10000,SEASHELLS,146.0,18
5907,322500,Caesar,Caesar,VOLCANIC_ROCK_VOUCHER_10000,SEASHELLS,146.0,1
5932,323800,Penelope,Camilla,VOLCANIC_ROCK_VOUCHER_10000,SEASHELLS,146.0,16
5979,326900,Camilla,Caesar,VOLCANIC_ROCK_VOUCHER_10000,SEASHELLS,125.0,12
6010,329000,Camilla,Caesar,VOLCANIC_ROCK_VOUCHER_10000,SEASHELLS,129.0,19
6011,329000,Caesar,Caesar,VOLCANIC_ROCK_VOUCHER_10000,SEASHELLS,129.0,1
6060,331200,Camilla,Pablo,VOLCANIC_ROCK_VOUCHER_10000,SEASHELLS,114.0,14
6072,331500,Camilla,Caesar,VOLCANIC_ROCK_VOUCHER_10000,SEASHELLS,117.0,13
6088,332100,Camilla,Caesar,VOLCANIC_ROCK_VOUCHER_10000,SEASHELLS,118.0,10
6095,332500,Camilla,Caesar,VOLCANIC_ROCK_VOUCHER_10000,SEASHELLS,124.0,12
6105,332700,Penelope,Camilla,VOLCANIC_ROCK_VOUCHER_10000,SEASHELLS,131.0,15
6106,332700,Penelope,Caesar,VOLCANIC_ROCK_VOUCHER_10000,SEASHELLS,131.0,2
6120,333700,Camilla,Caesar,VOLCANIC_ROCK_VOUCHER_10000,SEASHELLS,134.0,16
6153,335200,Camilla,Caesar,VOLCANIC_ROCK_VOUCHER_10000,SEASHELLS,132.0,14
6154,335200,Caesar,Caesar,VOLCANIC_ROCK_VOUCHER_10000,SEASHELLS,132.0,2
6201,338100,Camilla,Caesar,VOLCANIC_ROCK_VOUCHER_10000,SEASHELLS,136.0,10
6202,338100,Caesar,Caesar,VOLCANIC_ROCK_VOUCHER_10000,SEASHELLS,136.0,1
6230,340100,Penelope,Camilla,VOLCANIC_ROCK_VOUCHER_10000,SEASHELLS,135.0,11
6247,341500,Camilla,Penelope,VOLCANIC_ROCK_VOUCHER_10000,SEASHELLS,143.0,10
6254,342100,Camilla,Caesar,VOLCANIC_ROCK_VOUCHER_10000,SEASHELLS,139.0,13
6279,343500,Camilla,Caesar,VOLCANIC_ROCK_VOUCHER_10000,SEASHELLS,136.0,10
6287,343600,Penelope,Camilla,VOLCANIC_ROCK_VOUCHER_10000,SEASHELLS,138.0,19
6293,343800,Camilla,Pablo,VOLCANIC_ROCK_VOUCHER_10000,SEASHELLS,136.0,15
6315,345500,Camilla,Caesar,VOLCANIC_ROCK_VOUCHER_10000,SEASHELLS,137.0,14
6324,345700,Camilla,Caesar,VOLCANIC_ROCK_VOUCHER_10000,SEASHELLS,141.0,19
6325,345700,Caesar,Caesar,VOLCANIC_ROCK_VOUCHER_10000,SEASHELLS,141.0,1
6361,347700,Camilla,Caesar,VOLCANIC_ROCK_VOUCHER_10000,SEASHELLS,143.0,10
6370,348200,Camilla,Caesar,VOLCANIC_ROCK_VOUCHER_10000,SEASHELLS,144.0,13
6392,349400,Camilla,Caesar,VOLCANIC_ROCK_VOUCHER_10000,SEASHELLS,135.0,16
6403,349700,Camilla,Penelope,VOLCANIC_ROCK_VOUCHER_10000,SEASHELLS,142.0,10
6407,349900,Camilla,Caesar,VOLCANIC_ROCK_VOUCHER_10000,SEASHELLS,141.0,18
6408,349900,Caesar,Caesar,VOLCANIC_ROCK_VOUCHER_10000,SEASHELLS,141.0,1
6418,350000,Camilla,Caesar,VOLCANIC_ROCK_VOUCHER_10000,SEASHELLS,135.0,11
6434,350800,Camilla,Pablo,VOLCANIC_ROCK_VOUCHER_10000,SEASHELLS,141.0,14
6435,350800,Caesar,Pablo,VOLCANIC_ROCK_VOUCHER_10000,SEASHELLS,141.0,1
6480,353400,Penelope,Camilla,VOLCANIC_ROCK_VOUCHER_10000,SEASHELLS,136.0,17
6481,353400,Penelope,Caesar,VOLCANIC_ROCK_VOUCHER_10000,SEASHELLS,136.0,2
6491,353800,Camilla,Caesar,VOLCANIC_ROCK_VOUCHER_10000,SEASHELLS,141.0,11
6492,353800,Caesar,Caesar,VOLCANIC_ROCK_VOUCHER_10000,SEASHELLS,141.0,1
6506,354000,Camilla,Caesar,VOLCANIC_ROCK_VOUCHER_10000,SEASHELLS,138.0,10
6507,354000,Caesar,Caesar,VOLCANIC_ROCK_VOUCHER_10000,SEASHELLS,138.0,1
6526,354200,Camilla,Pablo,VOLCANIC_ROCK_VOUCHER_10000,SEASHELLS,140.0,13
6555,355500,Camilla,Caesar,VOLCANIC_ROCK_VOUCHER_10000,SEASHELLS,139.0,17
6556,355500,Caesar,Caesar,VOLCANIC_ROCK_VOUCHER_10000,SEASHELLS,139.0,1
6570,355800,Camilla,Pablo,VOLCANIC_ROCK_VOUCHER_10000,SEASHELLS,146.0,9
6583,356500,Camilla,Caesar,VOLCANIC_ROCK_VOUCHER_10000,SEASHELLS,149.0,10
6596,356900,Camilla,Caesar,VOLCANIC_ROCK_VOUCHER_10000,SEASHELLS,146.0,14
6603,357200,Camilla,Caesar,VOLCANIC_ROCK_VOUCHER_10000,SEASHELLS,144.0,11
6627,358500,Camilla,Pablo,VOLCANIC_ROCK_VOUCHER_10000,SEASHELLS,131.0,12
6633,358600,Camilla,Pablo,VOLCANIC_ROCK_VOUCHER_10000,SEASHELLS,135.0,13
6640,358700,Camilla,Caesar,VOLCANIC_ROCK_VOUCHER_10000,SEASHELLS,133.0,11
6641,358700,Caesar,Caesar,VOLCANIC_ROCK_VOUCHER_10000,SEASHELLS,133.0,1
6665,359600,Penelope,Camilla,VOLCANIC_ROCK_VOUCHER_10000,SEASHELLS,135.0,10
6666,359600,Penelope,Caesar,VOLCANIC_ROCK_VOUCHER_10000,SEASHELLS,135.0,1
6683,360500,Camilla,Caesar,VOLCANIC_ROCK_VOUCHER_10000,SEASHELLS,126.0,10
6710,362500,Camilla,Caesar,VOLCANIC_ROCK_VOUCHER_10000,SEASHELLS,121.0,12
6711,362500,Caesar,Caesar,VOLCANIC_ROCK_VOUCHER_10000,SEASHELLS,121.0,2
6730,362900,Penelope,Camilla,VOLCANIC_ROCK_VOUCHER_10000,SEASHELLS,120.0,10
6731,362900,Penelope,Caesar,VOLCANIC_ROCK_VOUCHER_10000,SEASHELLS,120.0,1
6747,363300,Camilla,Caesar,VOLCANIC_ROCK_VOUCHER_10000,SEASHELLS,127.0,12
6752,363500,Camilla,Penelope,VOLCANIC_ROCK_VOUCHER_10000,SEASHELLS,115.0,12
6766,364100,Camilla,Penelope,VOLCANIC_ROCK_VOUCHER_10000,SEASHELLS,118.0,11
6767,364100,Caesar,Penelope,VOLCANIC_ROCK_VOUCHER_10000,SEASHELLS,118.0,1
6814,366200,Camilla,Penelope,VOLCANIC_ROCK_VOUCHER_10000,SEASHELLS,115.0,11
6853,367900,Camilla,Caesar,VOLCANIC_ROCK_VOUCHER_10000,SEASHELLS,112.0,11
6861,368200,Camilla,Caesar,VOLCANIC_ROCK_VOUCHER_10000,SEASHELLS,113.0,12
6903,370800,Camilla,Caesar,VOLCANIC_ROCK_VOUCHER_10000,SEASHELLS,122.0,11
6918,371700,Camilla,Caesar,VOLCANIC_ROCK_VOUCHER_10000,SEASHELLS,121.0,19
6919,371700,Caesar,Caesar,VOLCANIC_ROCK_VOUCHER_10000,SEASHELLS,121.0,1
6933,372200,Camilla,Penelope,VOLCANIC_ROCK_VOUCHER_10000,SEASHELLS,126.0,11
6934,372200,Caesar,Penelope,VOLCANIC_ROCK_VOUCHER_10000,SEASHELLS,126.0,2
6939,372300,Camilla,Caesar,VOLCANIC_ROCK_VOUCHER_10000,SEASHELLS,123.0,17
6947,372700,Camilla,Caesar,VOLCANIC_ROCK_VOUCHER_10000,SEASHELLS,117.0,10
6971,373800,Camilla,Caesar,VOLCANIC_ROCK_VOUCHER_10000,SEASHELLS,129.0,17
6991,375100,Camilla,Caesar,VOLCANIC_ROCK_VOUCHER_10000,SEASHELLS,122.0,11
7023,377000,Penelope,Camilla,VOLCANIC_ROCK_VOUCHER_10000,SEASHELLS,127.0,15
7030,377400,Camilla,Caesar,VOLCANIC_ROCK_VOUCHER_10000,SEASHELLS,123.0,16
7031,377400,Caesar,Caesar,VOLCANIC_ROCK_VOUCHER_10000,SEASHELLS,123.0,1
7040,377600,Camilla,Caesar,VOLCANIC_ROCK_VOUCHER_10000,SEASHELLS,127.0,13
7066,379100,Camilla,Caesar,VOLCANIC_ROCK_VOUCHER_10000,SEASHELLS,119.0,13
7067,379100,Caesar,Caesar,VOLCANIC_ROCK_VOUCHER_10000,SEASHELLS,119.0,1
7093,381000,Camilla,Caesar,VOLCANIC_ROCK_VOUCHER_10000,SEASHELLS,121.0,18
7094,381000,Caesar,Caesar,VOLCANIC_ROCK_VOUCHER_10000,SEASHELLS,121.0,1
7127,382900,Camilla,Caesar,VOLCANIC_ROCK_VOUCHER_10000,SEASHELLS,120.0,13
7132,383000,Camilla,Caesar,VOLCANIC_ROCK_VOUCHER_10000,SEASHELLS,114.0,19
7142,383400,Penelope,Camilla,VOLCANIC_ROCK_VOUCHER_10000,SEASHELLS,117.0,13
7153,383800,Camilla,Caesar,VOLCANIC_ROCK_VOUCHER_10000,SEASHELLS,123.0,17
7159,384300,Camilla,Penelope,VOLCANIC_ROCK_VOUCHER_10000,SEASHELLS,118.0,15
7160,384300,Caesar,Penelope,VOLCANIC_ROCK_VOUCHER_10000,SEASHELLS,118.0,1
7166,384700,Camilla,Caesar,VOLCANIC_ROCK_VOUCHER_10000,SEASHELLS,114.0,12
7172,385100,Camilla,Caesar,VOLCANIC_ROCK_VOUCHER_10000,SEASHELLS,116.0,12
7183,385600,Camilla,Caesar,VOLCANIC_ROCK_VOUCHER_10000,SEASHELLS,119.0,12
7184,385600,Caesar,Caesar,VOLCANIC_ROCK_VOUCHER_10000,SEASHELLS,119.0,1
7222,387100,Camilla,Caesar,VOLCANIC_ROCK_VOUCHER_10000,SEASHELLS,115.0,10
7223,387100,Caesar,Caesar,VOLCANIC_ROCK_VOUCHER_10000,SEASHELLS,115.0,2
7243,387700,Camilla,Caesar,VOLCANIC_ROCK_VOUCHER_10000,SEASHELLS,115.0,16
7279,389600,Camilla,Pablo,VOLCANIC_ROCK_VOUCHER_10000,SEASHELLS,109.0,6
7321,392800,Camilla,Caesar,VOLCANIC_ROCK_VOUCHER_10000,SEASHELLS,112.0,15
7322,392800,Caesar,Caesar,VOLCANIC_ROCK_VOUCHER_10000,SEASHELLS,112.0,1
7336,393000,Camilla,Pablo,VOLCANIC_ROCK_VOUCHER_10000,SEASHELLS,118.0,11
7343,393100,Camilla,Pablo,VOLCANIC_ROCK_VOUCHER_10000,SEASHELLS,111.0,10
7358,393500,Camilla,Penelope,VOLCANIC_ROCK_VOUCHER_10000,SEASHELLS,109.0,16
7367,394300,Camilla,Caesar,VOLCANIC_ROCK_VOUCHER_10000,SEASHELLS,113.0,17
7448,399200,Camilla,Pablo,VOLCANIC_ROCK_VOUCHER_10000,SEASHELLS,135.0,10
7485,401300,Camilla,Caesar,VOLCANIC_ROCK_VOUCHER_10000,SEASHELLS,126.0,12
7486,401300,Caesar,Caesar,VOLCANIC_ROCK_VOUCHER_10000,SEASHELLS,126.0,1
7497,401500,Camilla,Caesar,VOLCANIC_ROCK_VOUCHER_10000,SEASHELLS,128.0,12
7512,402000,Camilla,Caesar,VOLCANIC_ROCK_VOUCHER_10000,SEASHELLS,125.0,14
7519,402100,Penelope,Camilla,VOLCANIC_ROCK_VOUCHER_10000,SEASHELLS,120.0,10
7520,402100,Penelope,Caesar,VOLCANIC_ROCK_VOUCHER_10000,SEASHELLS,120.0,1
7527,402400,Camilla,Caesar,VOLCANIC_ROCK_VOUCHER_10000,SEASHELLS,114.0,12
7540,403400,Camilla,Penelope,VOLCANIC_ROCK_VOUCHER_10000,SEASHELLS,108.0,13
7562,404400,Camilla,Caesar,VOLCANIC_ROCK_VOUCHER_10000,SEASHELLS,106.0,15
7586,405200,Camilla,Caesar,VOLCANIC_ROCK_VOUCHER_10000,SEASHELLS,112.0,13
7601,406400,Penelope,Camilla,VOLCANIC_ROCK_VOUCHER_10000,SEASHELLS,113.0,15
7609,407100,Camilla,Caesar,VOLCANIC_ROCK_VOUCHER_10000,SEASHELLS,113.0,13
7657,410100,Camilla,Penelope,VOLCANIC_ROCK_VOUCHER_10000,SEASHELLS,89.0,15
7706,412300,Penelope,Camilla,VOLCANIC_ROCK_VOUCHER_10000,SEASHELLS,103.0,10
7719,413100,Penelope,Camilla,VOLCANIC_ROCK_VOUCHER_10000,SEASHELLS,108.0,12
7730,413800,Camilla,Penelope,VOLCANIC_ROCK_VOUCHER_10000,SEASHELLS,104.0,11
7739,414400,Camilla,Caesar,VOLCANIC_ROCK_VOUCHER_10000,SEASHELLS,94.0,10
7740,414400,Caesar,Caesar,VOLCANIC_ROCK_VOUCHER_10000,SEASHELLS,94.0,2
7752,414600,Camilla,Caesar,VOLCANIC_ROCK_VOUCHER_10000,SEASHELLS,99.0,20
7766,415600,Camilla,Caesar,VOLCANIC_ROCK_VOUCHER_10000,SEASHELLS,98.0,11
7799,417500,Camilla,Penelope,VOLCANIC_ROCK_VOUCHER_10000,SEASHELLS,101.0,10
7827,419500,Camilla,Penelope,VOLCANIC_ROCK_VOUCHER_10000,SEASHELLS,100.0,15
7828,419500,Caesar,Penelope,VOLCANIC_ROCK_VOUCHER_10000,SEASHELLS,100.0,1
7861,421500,Penelope,Camilla,VOLCANIC_ROCK_VOUCHER_10000,SEASHELLS,99.0,14
7867,421900,Camilla,Pablo,VOLCANIC_ROCK_VOUCHER_10000,SEASHELLS,104.0,13
7878,422400,Camilla,Pablo,VOLCANIC_ROCK_VOUCHER_10000,SEASHELLS,104.0,12
7923,425300,Camilla,Penelope,VOLCANIC_ROCK_VOUCHER_10000,SEASHELLS,109.0,11
7960,426600,Camilla,Caesar,VOLCANIC_ROCK_VOUCHER_10000,SEASHELLS,108.0,12
7961,426600,Caesar,Caesar,VOLCANIC_ROCK_VOUCHER_10000,SEASHELLS,108.0,1
7986,427800,Camilla,Caesar,VOLCANIC_ROCK_VOUCHER_10000,SEASHELLS,112.0,11
8001,428800,Camilla,Penelope,VOLCANIC_ROCK_VOUCHER_10000,SEASHELLS,104.0,10
8013,429500,Camilla,Caesar,VOLCANIC_ROCK_VOUCHER_10000,SEASHELLS,102.0,17
8040,431700,Camilla,Penelope,VOLCANIC_ROCK_VOUCHER_10000,SEASHELLS,108.0,12
8063,432900,Camilla,Caesar,VOLCANIC_ROCK_VOUCHER_10000,SEASHELLS,100.0,14
8088,434800,Camilla,Caesar,VOLCANIC_ROCK_VOUCHER_10000,SEASHELLS,104.0,11
8096,435200,Camilla,Caesar,VOLCANIC_ROCK_VOUCHER_10000,SEASHELLS,100.0,10
8107,435600,Camilla,Caesar,VOLCANIC_ROCK_VOUCHER_10000,SEASHELLS,100.0,13
8116,435700,Camilla,Caesar,VOLCANIC_ROCK_VOUCHER_10000,SEASHELLS,101.0,18
8135,436500,Camilla,Caesar,VOLCANIC_ROCK_VOUCHER_10000,SEASHELLS,100.0,13
8136,436500,Caesar,Caesar,VOLCANIC_ROCK_VOUCHER_10000,SEASHELLS,100.0,1
8192,439400,Camilla,Caesar,VOLCANIC_ROCK_VOUCHER_10000,SEASHELLS,96.0,12
8207,440500,Camilla,Caesar,VOLCANIC_ROCK_VOUCHER_10000,SEASHELLS,101.0,11
8226,441600,Camilla,Caesar,VOLCANIC_ROCK_VOUCHER_10000,SEASHELLS,103.0,14
8227,441600,Caesar,Caesar,VOLCANIC_ROCK_VOUCHER_10000,SEASHELLS,103.0,1
8238,442000,Camilla,Caesar,VOLCANIC_ROCK_VOUCHER_10000,SEASHELLS,104.0,17
8239,442000,Caesar,Caesar,VOLCANIC_ROCK_VOUCHER_10000,SEASHELLS,104.0,2
8248,442100,Camilla,Caesar,VOLCANIC_ROCK_VOUCHER_10000,SEASHELLS,111.0,13
8257,442900,Camilla,Pablo,VOLCANIC_ROCK_VOUCHER_10000,SEASHELLS,114.0,10
8276,443700,Camilla,Caesar,VOLCANIC_ROCK_VOUCHER_10000,SEASHELLS,112.0,11
8290,444500,Camilla,Penelope,VOLCANIC_ROCK_VOUCHER_10000,SEASHELLS,118.0,16
8291,444500,Caesar,Penelope,VOLCANIC_ROCK_VOUCHER_10000,SEASHELLS,118.0,2
8298,444600,Camilla,Caesar,VOLCANIC_ROCK_VOUCHER_10000,SEASHELLS,115.0,10
8299,444600,Caesar,Caesar,VOLCANIC_ROCK_VOUCHER_10000,SEASHELLS,115.0,2
8317,445000,Camilla,Caesar,VOLCANIC_ROCK_VOUCHER_10000,SEASHELLS,116.0,11
8328,445500,Camilla,Caesar,VOLCANIC_ROCK_VOUCHER_10000,SEASHELLS,112.0,11
8343,446800,Camilla,Pablo,VOLCANIC_ROCK_VOUCHER_10000,SEASHELLS,132.0,8
8369,448300,Camilla,Caesar,VOLCANIC_ROCK_VOUCHER_10000,SEASHELLS,133.0,10
8383,449100,Camilla,Caesar,VOLCANIC_ROCK_VOUCHER_10000,SEASHELLS,136.0,17
8390,449600,Camilla,Caesar,VOLCANIC_ROCK_VOUCHER_10000,SEASHELLS,142.0,12
8391,449600,Caesar,Caesar,VOLCANIC_ROCK_VOUCHER_10000,SEASHELLS,142.0,2
8401,449700,Camilla,Penelope,VOLCANIC_ROCK_VOUCHER_10000,SEASHELLS,135.0,12
8406,449900,Camilla,Caesar,VOLCANIC_ROCK_VOUCHER_10000,SEASHELLS,132.0,15
8407,449900,Caesar,Caesar,VOLCANIC_ROCK_VOUCHER_10000,SEASHELLS,132.0,2
8418,450400,Camilla,Caesar,VOLCANIC_ROCK_VOUCHER_10000,SEASHELLS,124.0,11
8419,450400,Caesar,Caesar,VOLCANIC_ROCK_VOUCHER_10000,SEASHELLS,124.0,1
8447,451700,Camilla,Caesar,VOLCANIC_ROCK_VOUCHER_10000,SEASHELLS,124.0,13
8452,451800,Camilla,Caesar,VOLCANIC_ROCK_VOUCHER_10000,SEASHELLS,125.0,13
8480,453900,Camilla,Pablo,VOLCANIC_ROCK_VOUCHER_10000,SEASHELLS,114.0,11
8481,453900,Caesar,Pablo,VOLCANIC_ROCK_VOUCHER_10000,SEASHELLS,114.0,1
8514,456300,Camilla,Pablo,VOLCANIC_ROCK_VOUCHER_10000,SEASHELLS,114.0,13
8515,456300,Caesar,Pablo,VOLCANIC_ROCK_VOUCHER_10000,SEASHELLS,114.0,2
8527,456800,Camilla,Caesar,VOLCANIC_ROCK_VOUCHER_10000,SEASHELLS,114.0,10
8563,458500,Camilla,Caesar,VOLCANIC_ROCK_VOUCHER_10000,SEASHELLS,117.0,19
8564,458500,Caesar,Caesar,VOLCANIC_ROCK_VOUCHER_10000,SEASHELLS,117.0,1
8583,459100,Camilla,Caesar,VOLCANIC_ROCK_VOUCHER_10000,SEASHELLS,127.0,16
8623,461400,Penelope,Camilla,VOLCANIC_ROCK_VOUCHER_10000,SEASHELLS,135.0,12
8628,461600,Camilla,Caesar,VOLCANIC_ROCK_VOUCHER_10000,SEASHELLS,132.0,16
8663,463700,Camilla,Pablo,VOLCANIC_ROCK_VOUCHER_10000,SEASHELLS,139.0,8
8682,464800,Penelope,Camilla,VOLCANIC_ROCK_VOUCHER_10000,SEASHELLS,142.0,10
8688,465400,Camilla,Pablo,VOLCANIC_ROCK_VOUCHER_10000,SEASHELLS,139.0,13
8711,466800,Camilla,Penelope,VOLCANIC_ROCK_VOUCHER_10000,SEASHELLS,132.0,15
8727,467600,Camilla,Caesar,VOLCANIC_ROCK_VOUCHER_10000,SEASHELLS,127.0,12
8728,467600,Caesar,Caesar,VOLCANIC_ROCK_VOUCHER_10000,SEASHELLS,127.0,2
8739,467800,Camilla,Caesar,VOLCANIC_ROCK_VOUCHER_10000,SEASHELLS,132.0,13
8747,468100,Camilla,Caesar,VOLCANIC_ROCK_VOUCHER_10000,SEASHELLS,131.0,14
8748,468100,Caesar,Caesar,VOLCANIC_ROCK_VOUCHER_10000,SEASHELLS,131.0,2
8785,470000,Camilla,Caesar,VOLCANIC_ROCK_VOUCHER_10000,SEASHELLS,139.0,12
8786,470000,Caesar,Caesar,VOLCANIC_ROCK_VOUCHER_10000,SEASHELLS,139.0,1
8796,470300,Camilla,Pablo,VOLCANIC_ROCK_VOUCHER_10000,SEASHELLS,145.0,6
8805,470700,Camilla,Caesar,VOLCANIC_ROCK_VOUCHER_10000,SEASHELLS,146.0,11
8817,471000,Camilla,Caesar,VOLCANIC_ROCK_VOUCHER_10000,SEASHELLS,142.0,10
8837,472000,Camilla,Caesar,VOLCANIC_ROCK_VOUCHER_10000,SEASHELLS,138.0,10
8860,473100,Camilla,Caesar,VOLCANIC_ROCK_VOUCHER_10000,SEASHELLS,140.0,11
8874,473800,Camilla,Pablo,VOLCANIC_ROCK_VOUCHER_10000,SEASHELLS,136.0,15
8928,476500,Camilla,Penelope,VOLCANIC_ROCK_VOUCHER_10000,SEASHELLS,129.0,14
8942,477100,Camilla,Caesar,VOLCANIC_ROCK_VOUCHER_10000,SEASHELLS,131.0,14
8943,477100,Caesar,Caesar,VOLCANIC_ROCK_VOUCHER_10000,SEASHELLS,131.0,1
8961,477700,Camilla,Caesar,VOLCANIC_ROCK_VOUCHER_10000,SEASHELLS,129.0,10
8975,478200,Camilla,Caesar,VOLCANIC_ROCK_VOUCHER_10000,SEASHELLS,133.0,12
8993,479000,Camilla,Caesar,VOLCANIC_ROCK_VOUCHER_10000,SEASHELLS,131.0,13
8994,479000,Caesar,Caesar,VOLCANIC_ROCK_VOUCHER_10000,SEASHELLS,131.0,2
9018,480300,Camilla,Caesar,VOLCANIC_ROCK_VOUCHER_10000,SEASHELLS,139.0,17
9024,480700,Camilla,Caesar,VOLCANIC_ROCK_VOUCHER_10000,SEASHELLS,132.0,12
9025,480700,Caesar,Caesar,VOLCANIC_ROCK_VOUCHER_10000,SEASHELLS,132.0,1
9032,480800,Penelope,Camilla,VOLCANIC_ROCK_VOUCHER_10000,SEASHELLS,136.0,10
9033,480800,Penelope,Caesar,VOLCANIC_ROCK_VOUCHER_10000,SEASHELLS,136.0,1
9071,482900,Penelope,Camilla,VOLCANIC_ROCK_VOUCHER_10000,SEASHELLS,138.0,15
9072,482900,Penelope,Caesar,VOLCANIC_ROCK_VOUCHER_10000,SEASHELLS,138.0,1
9085,483800,Camilla,Caesar,VOLCANIC_ROCK_VOUCHER_10000,SEASHELLS,133.0,12
9111,485300,Camilla,Caesar,VOLCANIC_ROCK_VOUCHER_10000,SEASHELLS,131.0,11
9112,485300,Caesar,Caesar,VOLCANIC_ROCK_VOUCHER_10000,SEASHELLS,131.0,1
9130,486100,Camilla,Caesar,VOLCANIC_ROCK_VOUCHER_10000,SEASHELLS,125.0,10
9169,489100,Penelope,Camilla,VOLCANIC_ROCK_VOUCHER_10000,SEASHELLS,124.0,12
9170,489100,Penelope,Caesar,VOLCANIC_ROCK_VOUCHER_10000,SEASHELLS,124.0,1
9176,489400,Camilla,Caesar,VOLCANIC_ROCK_VOUCHER_10000,SEASHELLS,120.0,11
9195,490900,Penelope,Camilla,VOLCANIC_ROCK_VOUCHER_10000,SEASHELLS,137.0,15
9220,492200,Camilla,Caesar,VOLCANIC_ROCK_VOUCHER_10000,SEASHELLS,150.0,11
9221,492200,Caesar,Caesar,VOLCANIC_ROCK_VOUCHER_10000,SEASHELLS,150.0,2
9238,492900,Camilla,Pablo,VOLCANIC_ROCK_VOUCHER_10000,SEASHELLS,154.0,14
9274,494700,Camilla,Pablo,VOLCANIC_ROCK_VOUCHER_10000,SEASHELLS,150.0,7
9275,494700,Penelope,Camilla,VOLCANIC_ROCK_VOUCHER_10000,SEASHELLS,151.0,12
9294,495800,Camilla,Caesar,VOLCANIC_ROCK_VOUCHER_10000,SEASHELLS,146.0,12
9295,495800,Caesar,Caesar,VOLCANIC_ROCK_VOUCHER_10000,SEASHELLS,146.0,2
9311,496100,Camilla,Caesar,VOLCANIC_ROCK_VOUCHER_10000,SEASHELLS,145.0,13
9336,497100,Camilla,Penelope,VOLCANIC_ROCK_VOUCHER_10000,SEASHELLS,152.0,13
9337,497100,Caesar,Penelope,VOLCANIC_ROCK_VOUCHER_10000,SEASHELLS,152.0,1
9352,498000,Camilla,Caesar,VOLCANIC_ROCK_VOUCHER_10000,SEASHELLS,150.0,10
9369,498600,Camilla,Pablo,VOLCANIC_ROCK_VOUCHER_10000,SEASHELLS,137.0,14
9394,500500,Camilla,Caesar,VOLCANIC_ROCK_VOUCHER_10000,SEASHELLS,145.0,12
9395,500500,Caesar,Caesar,VOLCANIC_ROCK_VOUCHER_10000,SEASHELLS,145.0,2
9428,502300,Camilla,Caesar,VOLCANIC_ROCK_VOUCHER_10000,SEASHELLS,152.0,16
9429,502300,Caesar,Caesar,VOLCANIC_ROCK_VOUCHER_10000,SEASHELLS,152.0,2
9443,502600,Camilla,Caesar,VOLCANIC_ROCK_VOUCHER_10000,SEASHELLS,146.0,12
9444,502600,Caesar,Caesar,VOLCANIC_ROCK_VOUCHER_10000,SEASHELLS,146.0,2
9473,504300,Camilla,Caesar,VOLCANIC_ROCK_VOUCHER_10000,SEASHELLS,151.0,11
9483,504700,Camilla,Penelope,VOLCANIC_ROCK_VOUCHER_10000,SEASHELLS,152.0,12
9484,504700,Caesar,Penelope,VOLCANIC_ROCK_VOUCHER_10000,SEASHELLS,152.0,1
9497,505500,Camilla,Penelope,VOLCANIC_ROCK_VOUCHER_10000,SEASHELLS,148.0,15
9505,505900,Camilla,Caesar,VOLCANIC_ROCK_VOUCHER_10000,SEASHELLS,146.0,15
9539,508100,Camilla,Pablo,VOLCANIC_ROCK_VOUCHER_10000,SEASHELLS,147.0,7
9569,509700,Penelope,Camilla,VOLCANIC_ROCK_VOUCHER_10000,SEASHELLS,141.0,14
9570,509700,Penelope,Caesar,VOLCANIC_ROCK_VOUCHER_10000,SEASHELLS,141.0,2
9594,511100,Camilla,Caesar,VOLCANIC_ROCK_VOUCHER_10000,SEASHELLS,137.0,11
9601,511400,Camilla,Penelope,VOLCANIC_ROCK_VOUCHER_10000,SEASHELLS,136.0,14
9602,511400,Caesar,Penelope,VOLCANIC_ROCK_VOUCHER_10000,SEASHELLS,136.0,1
9616,512800,Camilla,Caesar,VOLCANIC_ROCK_VOUCHER_10000,SEASHELLS,151.0,10
9617,512800,Caesar,Caesar,VOLCANIC_ROCK_VOUCHER_10000,SEASHELLS,151.0,2
9654,515100,Camilla,Pablo,VOLCANIC_ROCK_VOUCHER_10000,SEASHELLS,153.0,10
9674,516500,Camilla,Caesar,VOLCANIC_ROCK_VOUCHER_10000,SEASHELLS,159.0,12
9719,519300,Camilla,Caesar,VOLCANIC_ROCK_VOUCHER_10000,SEASHELLS,158.0,16
9720,519300,Caesar,Caesar,VOLCANIC_ROCK_VOUCHER_10000,SEASHELLS,158.0,2
9761,521200,Camilla,Penelope,VOLCANIC_ROCK_VOUCHER_10000,SEASHELLS,150.0,13
9762,521200,Caesar,Penelope,VOLCANIC_ROCK_VOUCHER_10000,SEASHELLS,150.0,1
9797,523200,Camilla,Caesar,VOLCANIC_ROCK_VOUCHER_10000,SEASHELLS,172.0,14
9809,523900,Camilla,Caesar,VOLCANIC_ROCK_VOUCHER_10000,SEASHELLS,166.0,14
9810,523900,Camilla,Penelope,VOLCANIC_ROCK_VOUCHER_10000,SEASHELLS,166.0,1
9857,527300,Camilla,Caesar,VOLCANIC_ROCK_VOUCHER_10000,SEASHELLS,167.0,18
9858,527300,Caesar,Caesar,VOLCANIC_ROCK_VOUCHER_10000,SEASHELLS,167.0,1
9889,529100,Camilla,Caesar,VOLCANIC_ROCK_VOUCHER_10000,SEASHELLS,169.0,10
9895,529500,Penelope,Camilla,VOLCANIC_ROCK_VOUCHER_10000,SEASHELLS,168.0,12
9896,529500,Penelope,Caesar,VOLCANIC_ROCK_VOUCHER_10000,SEASHELLS,168.0,2
9923,531300,Camilla,Penelope,VOLCANIC_ROCK_VOUCHER_10000,SEASHELLS,162.0,11
9931,531900,Camilla,Penelope,VOLCANIC_ROCK_VOUCHER_10000,SEASHELLS,171.0,14
9932,531900,Caesar,Penelope,VOLCANIC_ROCK_VOUCHER_10000,SEASHELLS,171.0,2
9985,535700,Camilla,Caesar,VOLCANIC_ROCK_VOUCHER_10000,SEASHELLS,181.0,16
9986,535700,Caesar,Caesar,VOLCANIC_ROCK_VOUCHER_10000,SEASHELLS,181.0,1
10028,537400,Camilla,Caesar,VOLCANIC_ROCK_VOUCHER_10000,SEASHELLS,167.0,13
10029,537400,Caesar,Caesar,VOLCANIC_ROCK_VOUCHER_10000,SEASHELLS,167.0,1
10047,538400,Camilla,Caesar,VOLCANIC_ROCK_VOUCHER_10000,SEASHELLS,167.0,14
10053,538800,Camilla,Caesar,VOLCANIC_ROCK_VOUCHER_10000,SEASHELLS,165.0,15
10054,538800,Camilla,Penelope,VOLCANIC_ROCK_VOUCHER_10000,SEASHELLS,165.0,3
10055,538800,Caesar,Penelope,VOLCANIC_ROCK_VOUCHER_10000,SEASHELLS,165.0,2
10087,541100,Camilla,Caesar,VOLCANIC_ROCK_VOUCHER_10000,SEASHELLS,162.0,18
10088,541100,Caesar,Caesar,VOLCANIC_ROCK_VOUCHER_10000,SEASHELLS,162.0,1
10100,541200,Penelope,Camilla,VOLCANIC_ROCK_VOUCHER_10000,SEASHELLS,156.0,16
10119,542500,Penelope,Camilla,VOLCANIC_ROCK_VOUCHER_10000,SEASHELLS,173.0,18
10141,544000,Camilla,Penelope,VOLCANIC_ROCK_VOUCHER_10000,SEASHELLS,172.0,15
10151,544300,Camilla,Pablo,VOLCANIC_ROCK_VOUCHER_10000,SEASHELLS,171.0,11
10208,547900,Camilla,Penelope,VOLCANIC_ROCK_VOUCHER_10000,SEASHELLS,153.0,15
10218,548300,Penelope,Camilla,VOLCANIC_ROCK_VOUCHER_10000,SEASHELLS,152.0,17
10219,548300,Penelope,Caesar,VOLCANIC_ROCK_VOUCHER_10000,SEASHELLS,152.0,1
10244,550300,Camilla,Caesar,VOLCANIC_ROCK_VOUCHER_10000,SEASHELLS,145.0,15
10273,551900,Camilla,Penelope,VOLCANIC_ROCK_VOUCHER_10000,SEASHELLS,145.0,15
10286,552600,Camilla,Caesar,VOLCANIC_ROCK_VOUCHER_10000,SEASHELLS,140.0,11
10314,554400,Camilla,Penelope,VOLCANIC_ROCK_VOUCHER_10000,SEASHELLS,138.0,10
10315,554400,Caesar,Penelope,VOLCANIC_ROCK_VOUCHER_10000,SEASHELLS,138.0,2
10346,556500,Camilla,Caesar,VOLCANIC_ROCK_VOUCHER_10000,SEASHELLS,147.0,17
10347,556500,Caesar,Caesar,VOLCANIC_ROCK_VOUCHER_10000,SEASHELLS,147.0,2
10370,557500,Penelope,Camilla,VOLCANIC_ROCK_VOUCHER_10000,SEASHELLS,151.0,12
10375,557600,Camilla,Caesar,VOLCANIC_ROCK_VOUCHER_10000,SEASHELLS,151.0,10
10399,558700,Camilla,Caesar,VOLCANIC_ROCK_VOUCHER_10000,SEASHELLS,141.0,10
10409,559600,Camilla,Penelope,VOLCANIC_ROCK_VOUCHER_10000,SEASHELLS,142.0,12
10451,563900,Camilla,Caesar,VOLCANIC_ROCK_VOUCHER_10000,SEASHELLS,148.0,16
10466,564500,Camilla,Caesar,VOLCANIC_ROCK_VOUCHER_10000,SEASHELLS,144.0,11
10487,565300,Penelope,Camilla,VOLCANIC_ROCK_VOUCHER_10000,SEASHELLS,154.0,16
10519,567100,Camilla,Pablo,VOLCANIC_ROCK_VOUCHER_10000,SEASHELLS,146.0,9
10537,568200,Camilla,Caesar,VOLCANIC_ROCK_VOUCHER_10000,SEASHELLS,150.0,12
10564,570100,Camilla,Caesar,VOLCANIC_ROCK_VOUCHER_10000,SEASHELLS,150.0,11
10579,571200,Camilla,Pablo,VOLCANIC_ROCK_VOUCHER_10000,SEASHELLS,149.0,10
10617,573500,Penelope,Camilla,VOLCANIC_ROCK_VOUCHER_10000,SEASHELLS,153.0,14
10654,576400,Camilla,Penelope,VOLCANIC_ROCK_VOUCHER_10000,SEASHELLS,160.0,10
10669,577100,Penelope,Camilla,VOLCANIC_ROCK_VOUCHER_10000,SEASHELLS,160.0,17
10675,577200,Camilla,Caesar,VOLCANIC_ROCK_VOUCHER_10000,SEASHELLS,155.0,12
10676,577200,Caesar,Caesar,VOLCANIC_ROCK_VOUCHER_10000,SEASHELLS,155.0,1
10692,577700,Penelope,Camilla,VOLCANIC_ROCK_VOUCHER_10000,SEASHELLS,158.0,13
10718,579400,Camilla,Caesar,VOLCANIC_ROCK_VOUCHER_10000,SEASHELLS,147.0,19
10744,580400,Camilla,Caesar,VOLCANIC_ROCK_VOUCHER_10000,SEASHELLS,146.0,13
10745,580400,Caesar,Caesar,VOLCANIC_ROCK_VOUCHER_10000,SEASHELLS,146.0,2
10765,581800,Camilla,Penelope,VOLCANIC_ROCK_VOUCHER_10000,SEASHELLS,148.0,14
10788,583500,Camilla,Penelope,VOLCANIC_ROCK_VOUCHER_10000,SEASHELLS,144.0,14
10794,584600,Camilla,Caesar,VOLCANIC_ROCK_VOUCHER_10000,SEASHELLS,136.0,10
10795,584600,Caesar,Caesar,VOLCANIC_ROCK_VOUCHER_10000,SEASHELLS,136.0,1
10807,585000,Camilla,Caesar,VOLCANIC_ROCK_VOUCHER_10000,SEASHELLS,135.0,11
10808,585000,Caesar,Caesar,VOLCANIC_ROCK_VOUCHER_10000,SEASHELLS,135.0,2
10827,585700,Camilla,Caesar,VOLCANIC_ROCK_VOUCHER_10000,SEASHELLS,145.0,11
10850,587200,Camilla,Caesar,VOLCANIC_ROCK_VOUCHER_10000,SEASHELLS,144.0,10
10866,588100,Camilla,Caesar,VOLCANIC_ROCK_VOUCHER_10000,SEASHELLS,140.0,19
10888,589100,Camilla,Caesar,VOLCANIC_ROCK_VOUCHER_10000,SEASHELLS,147.0,15
10889,589100,Caesar,Caesar,VOLCANIC_ROCK_VOUCHER_10000,SEASHELLS,147.0,1
10901,589800,Camilla,Caesar,VOLCANIC_ROCK_VOUCHER_10000,SEASHELLS,144.0,15
10918,590400,Camilla,Caesar,VOLCANIC_ROCK_VOUCHER_10000,SEASHELLS,148.0,15
10919,590400,Caesar,Caesar,VOLCANIC_ROCK_VOUCHER_10000,SEASHELLS,148.0,1
10935,591300,Camilla,Penelope,VOLCANIC_ROCK_VOUCHER_10000,SEASHELLS,155.0,20
10972,592900,Penelope,Camilla,VOLCANIC_ROCK_VOUCHER_10000,SEASHELLS,152.0,10
10979,593000,Camilla,Caesar,VOLCANIC_ROCK_VOUCHER_10000,SEASHELLS,154.0,10
10998,593800,Camilla,Caesar,VOLCANIC_ROCK_VOUCHER_10000,SEASHELLS,153.0,11
10999,593800,Caesar,Caesar,VOLCANIC_ROCK_VOUCHER_10000,SEASHELLS,153.0,1
11021,595100,Penelope,Camilla,VOLCANIC_ROCK_VOUCHER_10000,SEASHELLS,154.0,12
11087,601000,Camilla,Caesar,VOLCANIC_ROCK_VOUCHER_10000,SEASHELLS,145.0,14
11088,601000,Caesar,Caesar,VOLCANIC_ROCK_VOUCHER_10000,SEASHELLS,145.0,2
11100,601500,Camilla,Caesar,VOLCANIC_ROCK_VOUCHER_10000,SEASHELLS,145.0,19
11121,602500,Camilla,Caesar,VOLCANIC_ROCK_VOUCHER_10000,SEASHELLS,145.0,13
11122,602500,Penelope,Camilla,VOLCANIC_ROCK_VOUCHER_10000,SEASHELLS,146.0,12
11133,602800,Camilla,Caesar,VOLCANIC_ROCK_VOUCHER_10000,SEASHELLS,146.0,13
11141,603100,Penelope,Camilla,VOLCANIC_ROCK_VOUCHER_10000,SEASHELLS,158.0,16
11157,604000,Camilla,Caesar,VOLCANIC_ROCK_VOUCHER_10000,SEASHELLS,169.0,14
11158,604000,Camilla,Penelope,VOLCANIC_ROCK_VOUCHER_10000,SEASHELLS,169.0,1
11186,605300,Camilla,Caesar,VOLCANIC_ROCK_VOUCHER_10000,SEASHELLS,168.0,10
11187,605300,Caesar,Caesar,VOLCANIC_ROCK_VOUCHER_10000,SEASHELLS,168.0,2
11205,606000,Camilla,Pablo,VOLCANIC_ROCK_VOUCHER_10000,SEASHELLS,162.0,10
11226,607600,Penelope,Camilla,VOLCANIC_ROCK_VOUCHER_10000,SEASHELLS,159.0,15
11237,608100,Camilla,Caesar,VOLCANIC_ROCK_VOUCHER_10000,SEASHELLS,156.0,13
11244,608300,Camilla,Penelope,VOLCANIC_ROCK_VOUCHER_10000,SEASHELLS,161.0,18
11245,608300,Caesar,Penelope,VOLCANIC_ROCK_VOUCHER_10000,SEASHELLS,161.0,1
11282,610400,Camilla,Caesar,VOLCANIC_ROCK_VOUCHER_10000,SEASHELLS,168.0,11
11292,611300,Camilla,Caesar,VOLCANIC_ROCK_VOUCHER_10000,SEASHELLS,179.0,17
11318,612700,Camilla,Caesar,VOLCANIC_ROCK_VOUCHER_10000,SEASHELLS,167.0,13
11360,615200,Penelope,Camilla,VOLCANIC_ROCK_VOUCHER_10000,SEASHELLS,198.0,12
11386,616600,Camilla,Pablo,VOLCANIC_ROCK_VOUCHER_10000,SEASHELLS,207.0,12
11401,617600,Penelope,Camilla,VOLCANIC_ROCK_VOUCHER_10000,SEASHELLS,203.0,15
11402,617600,Penelope,Caesar,VOLCANIC_ROCK_VOUCHER_10000,SEASHELLS,203.0,2
11427,618800,Penelope,Camilla,VOLCANIC_ROCK_VOUCHER_10000,SEASHELLS,197.0,13
11435,619300,Camilla,Caesar,VOLCANIC_ROCK_VOUCHER_10000,SEASHELLS,195.0,16
11443,619500,Camilla,Caesar,VOLCANIC_ROCK_VOUCHER_10000,SEASHELLS,193.0,15
11444,619500,Caesar,Caesar,VOLCANIC_ROCK_VOUCHER_10000,SEASHELLS,193.0,2
11473,621300,Camilla,Caesar,VOLCANIC_ROCK_VOUCHER_10000,SEASHELLS,190.0,10
11490,622100,Camilla,Caesar,VOLCANIC_ROCK_VOUCHER_10000,SEASHELLS,197.0,12
11524,623900,Camilla,Caesar,VOLCANIC_ROCK_VOUCHER_10000,SEASHELLS,198.0,13
11538,624200,Camilla,Caesar,VOLCANIC_ROCK_VOUCHER_10000,SEASHELLS,197.0,15
11539,624200,Caesar,Caesar,VOLCANIC_ROCK_VOUCHER_10000,SEASHELLS,197.0,1
11540,624200,Penelope,Caesar,VOLCANIC_ROCK_VOUCHER_10000,SEASHELLS,197.0,2
11563,625400,Camilla,Caesar,VOLCANIC_ROCK_VOUCHER_10000,SEASHELLS,177.0,14
11569,625600,Camilla,Caesar,VOLCANIC_ROCK_VOUCHER_10000,SEASHELLS,184.0,17
11570,625600,Caesar,Caesar,VOLCANIC_ROCK_VOUCHER_10000,SEASHELLS,184.0,2
11610,628400,Camilla,Caesar,VOLCANIC_ROCK_VOUCHER_10000,SEASHELLS,196.0,11
11624,629100,Camilla,Caesar,VOLCANIC_ROCK_VOUCHER_10000,SEASHELLS,195.0,11
11625,629100,Penelope,Caesar,VOLCANIC_ROCK_VOUCHER_10000,SEASHELLS,195.0,4
11642,629800,Camilla,Caesar,VOLCANIC_ROCK_VOUCHER_10000,SEASHELLS,198.0,15
11704,634900,Camilla,Caesar,VOLCANIC_ROCK_VOUCHER_10000,SEASHELLS,220.0,10
11705,634900,Caesar,Caesar,VOLCANIC_ROCK_VOUCHER_10000,SEASHELLS,220.0,1
11721,635700,Penelope,Camilla,VOLCANIC_ROCK_VOUCHER_10000,SEASHELLS,204.0,12
11757,637500,Camilla,Pablo,VOLCANIC_ROCK_VOUCHER_10000,SEASHELLS,209.0,5
11762,637600,Camilla,Caesar,VOLCANIC_ROCK_VOUCHER_10000,SEASHELLS,210.0,17
11772,638300,Camilla,Pablo,VOLCANIC_ROCK_VOUCHER_10000,SEASHELLS,193.0,5
11848,643400,Camilla,Caesar,VOLCANIC_ROCK_VOUCHER_10000,SEASHELLS,195.0,12
11861,644100,Camilla,Penelope,VOLCANIC_ROCK_VOUCHER_10000,SEASHELLS,186.0,15
11862,644100,Caesar,Penelope,VOLCANIC_ROCK_VOUCHER_10000,SEASHELLS,186.0,1
11887,645500,Camilla,Caesar,VOLCANIC_ROCK_VOUCHER_10000,SEASHELLS,190.0,12
11888,645500,Caesar,Caesar,VOLCANIC_ROCK_VOUCHER_10000,SEASHELLS,190.0,1
11904,646300,Camilla,Caesar,VOLCANIC_ROCK_VOUCHER_10000,SEASHELLS,196.0,12
11915,647300,Camilla,Caesar,VOLCANIC_ROCK_VOUCHER_10000,SEASHELLS,199.0,17
11928,648000,Penelope,Camilla,VOLCANIC_ROCK_VOUCHER_10000,SEASHELLS,197.0,12
11957,650000,Camilla,Caesar,VOLCANIC_ROCK_VOUCHER_10000,SEASHELLS,190.0,12
11971,651200,Penelope,Camilla,VOLCANIC_ROCK_VOUCHER_10000,SEASHELLS,204.0,10
11992,652300,Camilla,Pablo,VOLCANIC_ROCK_VOUCHER_10000,SEASHELLS,211.0,10
12042,654900,Camilla,Caesar,VOLCANIC_ROCK_VOUCHER_10000,SEASHELLS,211.0,11
12057,656000,Penelope,Camilla,VOLCANIC_ROCK_VOUCHER_10000,SEASHELLS,202.0,16
12078,656700,Camilla,Caesar,VOLCANIC_ROCK_VOUCHER_10000,SEASHELLS,194.0,15
12105,658600,Camilla,Caesar,VOLCANIC_ROCK_VOUCHER_10000,SEASHELLS,199.0,11
12106,658600,Caesar,Caesar,VOLCANIC_ROCK_VOUCHER_10000,SEASHELLS,199.0,1
12127,660200,Camilla,Caesar,VOLCANIC_ROCK_VOUCHER_10000,SEASHELLS,198.0,15
12135,660500,Camilla,Caesar,VOLCANIC_ROCK_VOUCHER_10000,SEASHELLS,197.0,14
12140,660600,Penelope,Camilla,VOLCANIC_ROCK_VOUCHER_10000,SEASHELLS,193.0,10
12141,660600,Penelope,Caesar,VOLCANIC_ROCK_VOUCHER_10000,SEASHELLS,193.0,1
12158,661500,Camilla,Caesar,VOLCANIC_ROCK_VOUCHER_10000,SEASHELLS,195.0,12
12159,661500,Caesar,Caesar,VOLCANIC_ROCK_VOUCHER_10000,SEASHELLS,195.0,1
12204,664600,Camilla,Pablo,VOLCANIC_ROCK_VOUCHER_10000,SEASHELLS,233.0,9
12214,664900,Penelope,Camilla,VOLCANIC_ROCK_VOUCHER_10000,SEASHELLS,235.0,12
12232,666100,Camilla,Caesar,VOLCANIC_ROCK_VOUCHER_10000,SEASHELLS,233.0,13
12233,666100,Caesar,Caesar,VOLCANIC_ROCK_VOUCHER_10000,SEASHELLS,233.0,2
12246,666500,Camilla,Penelope,VOLCANIC_ROCK_VOUCHER_10000,SEASHELLS,229.0,10
12247,666500,Caesar,Penelope,VOLCANIC_ROCK_VOUCHER_10000,SEASHELLS,229.0,2
12248,666500,Caesar,Penelope,VOLCANIC_ROCK_VOUCHER_10000,SEASHELLS,229.0,6
12279,667100,Camilla,Caesar,VOLCANIC_ROCK_VOUCHER_10000,SEASHELLS,228.0,12
12280,667100,Caesar,Caesar,VOLCANIC_ROCK_VOUCHER_10000,SEASHELLS,228.0,1
12291,667400,Camilla,Caesar,VOLCANIC_ROCK_VOUCHER_10000,SEASHELLS,227.0,15
12292,667400,Caesar,Caesar,VOLCANIC_ROCK_VOUCHER_10000,SEASHELLS,227.0,1
12412,675700,Camilla,Caesar,VOLCANIC_ROCK_VOUCHER_10000,SEASHELLS,226.0,10
12413,675700,Caesar,Caesar,VOLCANIC_ROCK_VOUCHER_10000,SEASHELLS,226.0,1
12435,676500,Camilla,Caesar,VOLCANIC_ROCK_VOUCHER_10000,SEASHELLS,229.0,19
12464,677900,Penelope,Camilla,VOLCANIC_ROCK_VOUCHER_10000,SEASHELLS,234.0,11
12465,677900,Penelope,Caesar,VOLCANIC_ROCK_VOUCHER_10000,SEASHELLS,234.0,2
12496,679500,Camilla,Penelope,VOLCANIC_ROCK_VOUCHER_10000,SEASHELLS,235.0,10
12497,679500,Caesar,Penelope,VOLCANIC_ROCK_VOUCHER_10000,SEASHELLS,235.0,2
12522,681400,Camilla,Caesar,VOLCANIC_ROCK_VOUCHER_10000,SEASHELLS,224.0,13
12533,681700,Camilla,Caesar,VOLCANIC_ROCK_VOUCHER_10000,SEASHELLS,227.0,14
12567,683600,Camilla,Caesar,VOLCANIC_ROCK_VOUCHER_10000,SEASHELLS,235.0,19
12582,684600,Camilla,Caesar,VOLCANIC_ROCK_VOUCHER_10000,SEASHELLS,240.0,16
12604,686000,Camilla,Penelope,VOLCANIC_ROCK_VOUCHER_10000,SEASHELLS,241.0,16
12605,686000,Caesar,Penelope,VOLCANIC_ROCK_VOUCHER_10000,SEASHELLS,241.0,1
12617,686400,Camilla,Caesar,VOLCANIC_ROCK_VOUCHER_10000,SEASHELLS,234.0,11
12625,686700,Penelope,Camilla,VOLCANIC_ROCK_VOUCHER_10000,SEASHELLS,230.0,12
12626,686700,Penelope,Caesar,VOLCANIC_ROCK_VOUCHER_10000,SEASHELLS,230.0,2
12689,691000,Camilla,Caesar,VOLCANIC_ROCK_VOUCHER_10000,SEASHELLS,248.0,11
12695,691100,Camilla,Caesar,VOLCANIC_ROCK_VOUCHER_10000,SEASHELLS,244.0,17
12696,691100,Caesar,Caesar,VOLCANIC_ROCK_VOUCHER_10000,SEASHELLS,244.0,1
12724,692200,Penelope,Camilla,VOLCANIC_ROCK_VOUCHER_10000,SEASHELLS,239.0,12
12725,692200,Penelope,Caesar,VOLCANIC_ROCK_VOUCHER_10000,SEASHELLS,239.0,1
12737,692700,Camilla,Caesar,VOLCANIC_ROCK_VOUCHER_10000,SEASHELLS,234.0,14
12751,693200,Camilla,Caesar,VOLCANIC_ROCK_VOUCHER_10000,SEASHELLS,234.0,13
12766,693600,Camilla,Penelope,VOLCANIC_ROCK_VOUCHER_10000,SEASHELLS,229.0,16
12770,693900,Camilla,Caesar,VOLCANIC_ROCK_VOUCHER_10000,SEASHELLS,223.0,10
12771,693900,Caesar,Caesar,VOLCANIC_ROCK_VOUCHER_10000,SEASHELLS,223.0,1
12784,694100,Camilla,Caesar,VOLCANIC_ROCK_VOUCHER_10000,SEASHELLS,223.0,11
12785,694100,Caesar,Caesar,VOLCANIC_ROCK_VOUCHER_10000,SEASHELLS,223.0,1
12811,696000,Camilla,Penelope,VOLCANIC_ROCK_VOUCHER_10000,SEASHELLS,217.0,13
12829,697400,Camilla,Penelope,VOLCANIC_ROCK_VOUCHER_10000,SEASHELLS,227.0,14
12837,698300,Camilla,Caesar,VOLCANIC_ROCK_VOUCHER_10000,SEASHELLS,225.0,14
12877,700700,Camilla,Caesar,VOLCANIC_ROCK_VOUCHER_10000,SEASHELLS,225.0,10
12878,700700,Caesar,Caesar,VOLCANIC_ROCK_VOUCHER_10000,SEASHELLS,225.0,1
12890,701000,Camilla,Caesar,VOLCANIC_ROCK_VOUCHER_10000,SEASHELLS,216.0,16
12891,701000,Penelope,Camilla,VOLCANIC_ROCK_VOUCHER_10000,SEASHELLS,217.0,19
12909,702300,Camilla,Penelope,VOLCANIC_ROCK_VOUCHER_10000,SEASHELLS,213.0,15
12916,702500,Penelope,Camilla,VOLCANIC_ROCK_VOUCHER_10000,SEASHELLS,209.0,18
12927,703600,Camilla,Pablo,VOLCANIC_ROCK_VOUCHER_10000,SEASHELLS,222.0,5
12943,704600,Camilla,Penelope,VOLCANIC_ROCK_VOUCHER_10000,SEASHELLS,224.0,11
12973,705600,Camilla,Penelope,VOLCANIC_ROCK_VOUCHER_10000,SEASHELLS,238.0,14
12974,705600,Caesar,Penelope,VOLCANIC_ROCK_VOUCHER_10000,SEASHELLS,238.0,1
12993,707000,Camilla,Caesar,VOLCANIC_ROCK_VOUCHER_10000,SEASHELLS,235.0,14
13002,707300,Camilla,Penelope,VOLCANIC_ROCK_VOUCHER_10000,SEASHELLS,230.0,17
13003,707300,Caesar,Penelope,VOLCANIC_ROCK_VOUCHER_10000,SEASHELLS,230.0,1
13022,708400,Camilla,Pablo,VOLCANIC_ROCK_VOUCHER_10000,SEASHELLS,229.0,13
13049,709800,Camilla,Pablo,VOLCANIC_ROCK_VOUCHER_10000,SEASHELLS,223.0,5
13066,710600,Camilla,Caesar,VOLCANIC_ROCK_VOUCHER_10000,SEASHELLS,215.0,12
13077,711300,Camilla,Caesar,VOLCANIC_ROCK_VOUCHER_10000,SEASHELLS,220.0,14
13078,711300,Caesar,Caesar,VOLCANIC_ROCK_VOUCHER_10000,SEASHELLS,220.0,2
13085,711400,Camilla,Caesar,VOLCANIC_ROCK_VOUCHER_10000,SEASHELLS,219.0,15
13105,713500,Camilla,Caesar,VOLCANIC_ROCK_VOUCHER_10000,SEASHELLS,215.0,17
13148,716400,Camilla,Pablo,VOLCANIC_ROCK_VOUCHER_10000,SEASHELLS,231.0,7
13203,718400,Camilla,Pablo,VOLCANIC_ROCK_VOUCHER_10000,SEASHELLS,232.0,8
13214,718900,Camilla,Pablo,VOLCANIC_ROCK_VOUCHER_10000,SEASHELLS,228.0,12
13240,720500,Camilla,Caesar,VOLCANIC_ROCK_VOUCHER_10000,SEASHELLS,240.0,11
13278,722800,Camilla,Pablo,VOLCANIC_ROCK_VOUCHER_10000,SEASHELLS,231.0,5
13279,722800,Camilla,Penelope,VOLCANIC_ROCK_VOUCHER_10000,SEASHELLS,231.0,8
13290,723200,Camilla,Penelope,VOLCANIC_ROCK_VOUCHER_10000,SEASHELLS,235.0,17
13291,723200,Caesar,Penelope,VOLCANIC_ROCK_VOUCHER_10000,SEASHELLS,235.0,1
13326,725000,Camilla,Caesar,VOLCANIC_ROCK_VOUCHER_10000,SEASHELLS,225.0,10
13336,725500,Penelope,Camilla,VOLCANIC_ROCK_VOUCHER_10000,SEASHELLS,219.0,11
13342,726000,Camilla,Penelope,VOLCANIC_ROCK_VOUCHER_10000,SEASHELLS,220.0,11
13357,726700,Camilla,Penelope,VOLCANIC_ROCK_VOUCHER_10000,SEASHELLS,221.0,15
13362,726800,Camilla,Pablo,VOLCANIC_ROCK_VOUCHER_10000,SEASHELLS,220.0,11
13375,727400,Camilla,Penelope,VOLCANIC_ROCK_VOUCHER_10000,SEASHELLS,222.0,15
13395,728300,Camilla,Pablo,VOLCANIC_ROCK_VOUCHER_10000,SEASHELLS,221.0,11
13436,730800,Camilla,Caesar,VOLCANIC_ROCK_VOUCHER_10000,SEASHELLS,219.0,10
13448,731400,Camilla,Caesar,VOLCANIC_ROCK_VOUCHER_10000,SEASHELLS,217.0,10
13449,731400,Caesar,Caesar,VOLCANIC_ROCK_VOUCHER_10000,SEASHELLS,217.0,2
13474,732900,Camilla,Penelope,VOLCANIC_ROCK_VOUCHER_10000,SEASHELLS,204.0,14
13498,734100,Camilla,Caesar,VOLCANIC_ROCK_VOUCHER_10000,SEASHELLS,209.0,12
13531,735900,Penelope,Camilla,VOLCANIC_ROCK_VOUCHER_10000,SEASHELLS,221.0,10
13536,736000,Camilla,Penelope,VOLCANIC_ROCK_VOUCHER_10000,SEASHELLS,222.0,18
13558,737100,Camilla,Caesar,VOLCANIC_ROCK_VOUCHER_10000,SEASHELLS,222.0,13
13566,737300,Camilla,Caesar,VOLCANIC_ROCK_VOUCHER_10000,SEASHELLS,225.0,17
13630,741000,Penelope,Camilla,VOLCANIC_ROCK_VOUCHER_10000,SEASHELLS,260.0,17
13645,742100,Camilla,Pablo,VOLCANIC_ROCK_VOUCHER_10000,SEASHELLS,264.0,6
13656,742700,Camilla,Caesar,VOLCANIC_ROCK_VOUCHER_10000,SEASHELLS,257.0,10
13657,742700,Caesar,Caesar,VOLCANIC_ROCK_VOUCHER_10000,SEASHELLS,257.0,2
13691,744700,Camilla,Penelope,VOLCANIC_ROCK_VOUCHER_10000,SEASHELLS,257.0,18
13729,747100,Camilla,Caesar,VOLCANIC_ROCK_VOUCHER_10000,SEASHELLS,254.0,12
13730,747100,Caesar,Caesar,VOLCANIC_ROCK_VOUCHER_10000,SEASHELLS,254.0,2
13748,747800,Camilla,Caesar,VOLCANIC_ROCK_VOUCHER_10000,SEASHELLS,250.0,11
13778,749600,Camilla,Caesar,VOLCANIC_ROCK_VOUCHER_10000,SEASHELLS,249.0,14
13793,750200,Camilla,Penelope,VOLCANIC_ROCK_VOUCHER_10000,SEASHELLS,243.0,12
13824,752500,Camilla,Caesar,VOLCANIC_ROCK_VOUCHER_10000,SEASHELLS,252.0,10
13825,752500,Caesar,Caesar,VOLCANIC_ROCK_VOUCHER_10000,SEASHELLS,252.0,1
13864,754800,Camilla,Caesar,VOLCANIC_ROCK_VOUCHER_10000,SEASHELLS,249.0,10
13882,755400,Camilla,Pablo,VOLCANIC_ROCK_VOUCHER_10000,SEASHELLS,243.0,5
13883,755400,Penelope,Camilla,VOLCANIC_ROCK_VOUCHER_10000,SEASHELLS,244.0,11
13911,757300,Camilla,Caesar,VOLCANIC_ROCK_VOUCHER_10000,SEASHELLS,255.0,18
13970,762000,Camilla,Pablo,VOLCANIC_ROCK_VOUCHER_10000,SEASHELLS,263.0,9
14004,764500,Camilla,Caesar,VOLCANIC_ROCK_VOUCHER_10000,SEASHELLS,259.0,11
14012,764700,Camilla,Caesar,VOLCANIC_ROCK_VOUCHER_10000,SEASHELLS,261.0,16
14021,765300,Camilla,Pablo,VOLCANIC_ROCK_VOUCHER_10000,SEASHELLS,260.0,9
14071,768900,Penelope,Camilla,VOLCANIC_ROCK_VOUCHER_10000,SEASHELLS,305.0,10
14095,769700,Camilla,Penelope,VOLCANIC_ROCK_VOUCHER_10000,SEASHELLS,296.0,17
14096,769700,Caesar,Penelope,VOLCANIC_ROCK_VOUCHER_10000,SEASHELLS,296.0,2
14106,769800,Camilla,Pablo,VOLCANIC_ROCK_VOUCHER_10000,SEASHELLS,295.0,7
14107,769800,Camilla,Penelope,VOLCANIC_ROCK_VOUCHER_10000,SEASHELLS,295.0,4
14133,770700,Camilla,Caesar,VOLCANIC_ROCK_VOUCHER_10000,SEASHELLS,291.0,12
14179,773600,Camilla,Caesar,VOLCANIC_ROCK_VOUCHER_10000,SEASHELLS,300.0,10
14180,773600,Penelope,Camilla,VOLCANIC_ROCK_VOUCHER_10000,SEASHELLS,301.0,12
14181,773600,Penelope,Caesar,VOLCANIC_ROCK_VOUCHER_10000,SEASHELLS,301.0,1
14200,774100,Camilla,Caesar,VOLCANIC_ROCK_VOUCHER_10000,SEASHELLS,298.0,17
14214,775100,Camilla,Caesar,VOLCANIC_ROCK_VOUCHER_10000,SEASHELLS,305.0,15
14254,777500,Camilla,Caesar,VOLCANIC_ROCK_VOUCHER_10000,SEASHELLS,288.0,12
14302,781300,Camilla,Caesar,VOLCANIC_ROCK_VOUCHER_10000,SEASHELLS,302.0,16
14307,781400,Camilla,Caesar,VOLCANIC_ROCK_VOUCHER_10000,SEASHELLS,300.0,18
14316,781700,Camilla,Caesar,VOLCANIC_ROCK_VOUCHER_10000,SEASHELLS,295.0,12
14317,781700,Caesar,Caesar,VOLCANIC_ROCK_VOUCHER_10000,SEASHELLS,295.0,2
14363,784700,Camilla,Caesar,VOLCANIC_ROCK_VOUCHER_10000,SEASHELLS,293.0,15
14364,784700,Caesar,Caesar,VOLCANIC_ROCK_VOUCHER_10000,SEASHELLS,293.0,1
14385,785500,Camilla,Caesar,VOLCANIC_ROCK_VOUCHER_10000,SEASHELLS,285.0,15
14392,785800,Camilla,Penelope,VOLCANIC_ROCK_VOUCHER_10000,SEASHELLS,283.0,13
14402,786100,Camilla,Penelope,VOLCANIC_ROCK_VOUCHER_10000,SEASHELLS,278.0,14
14429,787800,Camilla,Caesar,VOLCANIC_ROCK_VOUCHER_10000,SEASHELLS,275.0,15
14452,789500,Camilla,Caesar,VOLCANIC_ROCK_VOUCHER_10000,SEASHELLS,285.0,15
14460,789700,Camilla,Pablo,VOLCANIC_ROCK_VOUCHER_10000,SEASHELLS,287.0,6
14490,791600,Camilla,Caesar,VOLCANIC_ROCK_VOUCHER_10000,SEASHELLS,294.0,14
14491,791600,Caesar,Caesar,VOLCANIC_ROCK_VOUCHER_10000,SEASHELLS,294.0,2
14500,791700,Camilla,Pablo,VOLCANIC_ROCK_VOUCHER_10000,SEASHELLS,294.0,9
14507,792000,Camilla,Caesar,VOLCANIC_ROCK_VOUCHER_10000,SEASHELLS,293.0,10
14508,792000,Caesar,Caesar,VOLCANIC_ROCK_VOUCHER_10000,SEASHELLS,293.0,1
14530,793300,Camilla,Caesar,VOLCANIC_ROCK_VOUCHER_10000,SEASHELLS,289.0,10
14544,793600,Camilla,Caesar,VOLCANIC_ROCK_VOUCHER_10000,SEASHELLS,287.0,11
14545,793600,Caesar,Caesar,VOLCANIC_ROCK_VOUCHER_10000,SEASHELLS,287.0,2
14575,795700,Camilla,Caesar,VOLCANIC_ROCK_VOUCHER_10000,SEASHELLS,279.0,11
14576,795700,Caesar,Caesar,VOLCANIC_ROCK_VOUCHER_10000,SEASHELLS,279.0,1
14595,796300,Camilla,Caesar,VOLCANIC_ROCK_VOUCHER_10000,SEASHELLS,279.0,13
14606,796800,Camilla,Penelope,VOLCANIC_ROCK_VOUCHER_10000,SEASHELLS,280.0,11
14621,798000,Camilla,Caesar,VOLCANIC_ROCK_VOUCHER_10000,SEASHELLS,277.0,13
14622,798000,Caesar,Caesar,VOLCANIC_ROCK_VOUCHER_10000,SEASHELLS,277.0,2
14643,798500,Camilla,Caesar,VOLCANIC_ROCK_VOUCHER_10000,SEASHELLS,281.0,12
14651,799100,Camilla,Pablo,VOLCANIC_ROCK_VOUCHER_10000,SEASHELLS,288.0,7
14661,799400,Camilla,Penelope,VOLCANIC_ROCK_VOUCHER_10000,SEASHELLS,286.0,13
14676,800100,Camilla,Caesar,VOLCANIC_ROCK_VOUCHER_10000,SEASHELLS,286.0,14
14677,800100,Camilla,Penelope,VOLCANIC_ROCK_VOUCHER_10000,SEASHELLS,286.0,6
14697,802100,Camilla,Caesar,VOLCANIC_ROCK_VOUCHER_10000,SEASHELLS,279.0,13
14724,804300,Camilla,Caesar,VOLCANIC_ROCK_VOUCHER_10000,SEASHELLS,281.0,14
14725,804300,Caesar,Caesar,VOLCANIC_ROCK_VOUCHER_10000,SEASHELLS,281.0,1
14765,806700,Penelope,Camilla,VOLCANIC_ROCK_VOUCHER_10000,SEASHELLS,269.0,15
14766,806700,Penelope,Caesar,VOLCANIC_ROCK_VOUCHER_10000,SEASHELLS,269.0,1
14792,808000,Camilla,Caesar,VOLCANIC_ROCK_VOUCHER_10000,SEASHELLS,270.0,18
14811,809500,Camilla,Caesar,VOLCANIC_ROCK_VOUCHER_10000,SEASHELLS,268.0,17
14812,809500,Caesar,Caesar,VOLCANIC_ROCK_VOUCHER_10000,SEASHELLS,268.0,2
14840,810900,Camilla,Caesar,VOLCANIC_ROCK_VOUCHER_10000,SEASHELLS,272.0,12
14864,812800,Camilla,Caesar,VOLCANIC_ROCK_VOUCHER_10000,SEASHELLS,270.0,17
14877,813500,Camilla,Caesar,VOLCANIC_ROCK_VOUCHER_10000,SEASHELLS,266.0,16
14965,817900,Camilla,Caesar,VOLCANIC_ROCK_VOUCHER_10000,SEASHELLS,266.0,13
14991,819800,Penelope,Camilla,VOLCANIC_ROCK_VOUCHER_10000,SEASHELLS,287.0,13
15010,820700,Camilla,Caesar,VOLCANIC_ROCK_VOUCHER_10000,SEASHELLS,287.0,13
15036,821900,Camilla,Caesar,VOLCANIC_ROCK_VOUCHER_10000,SEASHELLS,287.0,16
15037,821900,Caesar,Caesar,VOLCANIC_ROCK_VOUCHER_10000,SEASHELLS,287.0,1
15055,822300,Camilla,Pablo,VOLCANIC_ROCK_VOUCHER_10000,SEASHELLS,287.0,7
15069,822700,Camilla,Penelope,VOLCANIC_ROCK_VOUCHER_10000,SEASHELLS,292.0,10
15070,822700,Caesar,Penelope,VOLCANIC_ROCK_VOUCHER_10000,SEASHELLS,292.0,1
15097,824200,Camilla,Caesar,VOLCANIC_ROCK_VOUCHER_10000,SEASHELLS,294.0,13
15118,825700,Camilla,Caesar,VOLCANIC_ROCK_VOUCHER_10000,SEASHELLS,284.0,10
15132,826700,Camilla,Caesar,VOLCANIC_ROCK_VOUCHER_10000,SEASHELLS,280.0,14
15153,828400,Penelope,Camilla,VOLCANIC_ROCK_VOUCHER_10000,SEASHELLS,271.0,10
15154,828400,Penelope,Caesar,VOLCANIC_ROCK_VOUCHER_10000,SEASHELLS,271.0,2
15165,829000,Camilla,Caesar,VOLCANIC_ROCK_VOUCHER_10000,SEASHELLS,261.0,11
15174,830000,Camilla,Caesar,VOLCANIC_ROCK_VOUCHER_10000,SEASHELLS,259.0,13
15175,830000,Caesar,Caesar,VOLCANIC_ROCK_VOUCHER_10000,SEASHELLS,259.0,2
15220,832500,Camilla,Caesar,VOLCANIC_ROCK_VOUCHER_10000,SEASHELLS,258.0,15
15221,832500,Caesar,Caesar,VOLCANIC_ROCK_VOUCHER_10000,SEASHELLS,258.0,2
15252,834400,Camilla,Caesar,VOLCANIC_ROCK_VOUCHER_10000,SEASHELLS,245.0,13
15253,834400,Caesar,Caesar,VOLCANIC_ROCK_VOUCHER_10000,SEASHELLS,245.0,1
15275,835100,Penelope,Camilla,VOLCANIC_ROCK_VOUCHER_10000,SEASHELLS,228.0,17
15281,835400,Camilla,Caesar,VOLCANIC_ROCK_VOUCHER_10000,SEASHELLS,232.0,11
15282,835400,Caesar,Caesar,VOLCANIC_ROCK_VOUCHER_10000,SEASHELLS,232.0,1
15301,835900,Camilla,Pablo,VOLCANIC_ROCK_VOUCHER_10000,SEASHELLS,237.0,14
15302,835900,Caesar,Pablo,VOLCANIC_ROCK_VOUCHER_10000,SEASHELLS,237.0,1
15352,838900,Penelope,Camilla,VOLCANIC_ROCK_VOUCHER_10000,SEASHELLS,231.0,14
15380,839900,Camilla,Caesar,VOLCANIC_ROCK_VOUCHER_10000,SEASHELLS,235.0,12
15409,842400,Camilla,Caesar,VOLCANIC_ROCK_VOUCHER_10000,SEASHELLS,240.0,11
15445,844500,Camilla,Caesar,VOLCANIC_ROCK_VOUCHER_10000,SEASHELLS,249.0,10
15446,844500,Caesar,Caesar,VOLCANIC_ROCK_VOUCHER_10000,SEASHELLS,249.0,2
15460,845000,Penelope,Camilla,VOLCANIC_ROCK_VOUCHER_10000,SEASHELLS,250.0,13
15463,845100,Camilla,Caesar,VOLCANIC_ROCK_VOUCHER_10000,SEASHELLS,252.0,12
15464,845100,Caesar,Caesar,VOLCANIC_ROCK_VOUCHER_10000,SEASHELLS,252.0,1
15478,845400,Camilla,Caesar,VOLCANIC_ROCK_VOUCHER_10000,SEASHELLS,257.0,14
15488,845700,Camilla,Penelope,VOLCANIC_ROCK_VOUCHER_10000,SEASHELLS,263.0,12
15541,851000,Penelope,Camilla,VOLCANIC_ROCK_VOUCHER_10000,SEASHELLS,254.0,14
15560,852300,Camilla,Caesar,VOLCANIC_ROCK_VOUCHER_10000,SEASHELLS,253.0,14
15561,852300,Caesar,Caesar,VOLCANIC_ROCK_VOUCHER_10000,SEASHELLS,253.0,1
15562,852300,Pablo,Caesar,VOLCANIC_ROCK_VOUCHER_10000,SEASHELLS,253.0,1
15563,852300,Penelope,Camilla,VOLCANIC_ROCK_VOUCHER_10000,SEASHELLS,255.0,14
15564,852300,Penelope,Caesar,VOLCANIC_ROCK_VOUCHER_10000,SEASHELLS,255.0,1
15584,852600,Penelope,Camilla,VOLCANIC_ROCK_VOUCHER_10000,SEASHELLS,251.0,12
15593,853100,Camilla,Caesar,VOLCANIC_ROCK_VOUCHER_10000,SEASHELLS,238.0,10
15610,853800,Camilla,Caesar,VOLCANIC_ROCK_VOUCHER_10000,SEASHELLS,239.0,12
15627,855100,Camilla,Caesar,VOLCANIC_ROCK_VOUCHER_10000,SEASHELLS,247.0,17
15642,855900,Camilla,Pablo,VOLCANIC_ROCK_VOUCHER_10000,SEASHELLS,247.0,10
15678,857800,Camilla,Pablo,VOLCANIC_ROCK_VOUCHER_10000,SEASHELLS,258.0,9
15699,858900,Camilla,Caesar,VOLCANIC_ROCK_VOUCHER_10000,SEASHELLS,249.0,11
15700,858900,Caesar,Caesar,VOLCANIC_ROCK_VOUCHER_10000,SEASHELLS,249.0,2
15713,859300,Penelope,Camilla,VOLCANIC_ROCK_VOUCHER_10000,SEASHELLS,254.0,14
15714,859300,Penelope,Caesar,VOLCANIC_ROCK_VOUCHER_10000,SEASHELLS,254.0,2
15730,860000,Camilla,Caesar,VOLCANIC_ROCK_VOUCHER_10000,SEASHELLS,260.0,12
15731,860000,Caesar,Caesar,VOLCANIC_ROCK_VOUCHER_10000,SEASHELLS,260.0,2
15761,861100,Penelope,Camilla,VOLCANIC_ROCK_VOUCHER_10000,SEASHELLS,259.0,14
15804,865000,Camilla,Caesar,VOLCANIC_ROCK_VOUCHER_10000,SEASHELLS,252.0,14
15811,865100,Camilla,Caesar,VOLCANIC_ROCK_VOUCHER_10000,SEASHELLS,257.0,11
15848,867400,Camilla,Caesar,VOLCANIC_ROCK_VOUCHER_10000,SEASHELLS,260.0,10
15877,869100,Penelope,Camilla,VOLCANIC_ROCK_VOUCHER_10000,SEASHELLS,267.0,15
15886,869500,Camilla,Caesar,VOLCANIC_ROCK_VOUCHER_10000,SEASHELLS,272.0,12
15893,869600,Camilla,Penelope,VOLCANIC_ROCK_VOUCHER_10000,SEASHELLS,272.0,10
15906,870200,Camilla,Caesar,VOLCANIC_ROCK_VOUCHER_10000,SEASHELLS,273.0,13
15916,870500,Camilla,Caesar,VOLCANIC_ROCK_VOUCHER_10000,SEASHELLS,271.0,15
15958,872500,Camilla,Penelope,VOLCANIC_ROCK_VOUCHER_10000,SEASHELLS,277.0,14
15959,872500,Caesar,Penelope,VOLCANIC_ROCK_VOUCHER_10000,SEASHELLS,277.0,2
15980,873300,Penelope,Camilla,VOLCANIC_ROCK_VOUCHER_10000,SEASHELLS,281.0,13
15994,873800,Penelope,Camilla,VOLCANIC_ROCK_VOUCHER_10000,SEASHELLS,271.0,13
15995,873800,Penelope,Caesar,VOLCANIC_ROCK_VOUCHER_10000,SEASHELLS,271.0,1
16048,877900,Camilla,Caesar,VOLCANIC_ROCK_VOUCHER_10000,SEASHELLS,267.0,12
16049,877900,Caesar,Caesar,VOLCANIC_ROCK_VOUCHER_10000,SEASHELLS,267.0,2
16074,880200,Camilla,Caesar,VOLCANIC_ROCK_VOUCHER_10000,SEASHELLS,266.0,14
16075,880200,Caesar,Caesar,VOLCANIC_ROCK_VOUCHER_10000,SEASHELLS,266.0,2
16116,882200,Camilla,Pablo,VOLCANIC_ROCK_VOUCHER_10000,SEASHELLS,243.0,15
16130,882700,Camilla,Caesar,VOLCANIC_ROCK_VOUCHER_10000,SEASHELLS,247.0,11
16142,883300,Camilla,Caesar,VOLCANIC_ROCK_VOUCHER_10000,SEASHELLS,241.0,10
16154,883900,Penelope,Camilla,VOLCANIC_ROCK_VOUCHER_10000,SEASHELLS,242.0,12
16161,884300,Penelope,Camilla,VOLCANIC_ROCK_VOUCHER_10000,SEASHELLS,241.0,12
16186,886300,Camilla,Caesar,VOLCANIC_ROCK_VOUCHER_10000,SEASHELLS,242.0,12
16187,886300,Caesar,Caesar,VOLCANIC_ROCK_VOUCHER_10000,SEASHELLS,242.0,1
16225,888500,Penelope,Camilla,VOLCANIC_ROCK_VOUCHER_10000,SEASHELLS,240.0,12
16232,888700,Camilla,Caesar,VOLCANIC_ROCK_VOUCHER_10000,SEASHELLS,245.0,12
16233,888700,Caesar,Caesar,VOLCANIC_ROCK_VOUCHER_10000,SEASHELLS,245.0,2
16259,889900,Camilla,Caesar,VOLCANIC_ROCK_VOUCHER_10000,SEASHELLS,255.0,15
16272,890800,Camilla,Penelope,VOLCANIC_ROCK_VOUCHER_10000,SEASHELLS,253.0,12
16281,891000,Camilla,Penelope,VOLCANIC_ROCK_VOUCHER_10000,SEASHELLS,253.0,10
16288,891300,Camilla,Caesar,VOLCANIC_ROCK_VOUCHER_10000,SEASHELLS,253.0,12
16323,893000,Camilla,Caesar,VOLCANIC_ROCK_VOUCHER_10000,SEASHELLS,267.0,11
16354,895300,Camilla,Penelope,VOLCANIC_ROCK_VOUCHER_10000,SEASHELLS,266.0,12
16399,898600,Camilla,Caesar,VOLCANIC_ROCK_VOUCHER_10000,SEASHELLS,243.0,12
16416,899600,Penelope,Camilla,VOLCANIC_ROCK_VOUCHER_10000,SEASHELLS,240.0,15
16441,901600,Camilla,Caesar,VOLCANIC_ROCK_VOUCHER_10000,SEASHELLS,237.0,12
16442,901600,Caesar,Caesar,VOLCANIC_ROCK_VOUCHER_10000,SEASHELLS,237.0,1
16465,903300,Camilla,Caesar,VOLCANIC_ROCK_VOUCHER_10000,SEASHELLS,238.0,17
16490,904500,Camilla,Caesar,VOLCANIC_ROCK_VOUCHER_10000,SEASHELLS,243.0,15
16491,904500,Caesar,Caesar,VOLCANIC_ROCK_VOUCHER_10000,SEASHELLS,243.0,2
16536,906900,Camilla,Caesar,VOLCANIC_ROCK_VOUCHER_10000,SEASHELLS,227.0,14
16598,912000,Camilla,Penelope,VOLCANIC_ROCK_VOUCHER_10000,SEASHELLS,202.0,17
16612,913100,Camilla,Caesar,VOLCANIC_ROCK_VOUCHER_10000,SEASHELLS,207.0,11
16631,913800,Camilla,Caesar,VOLCANIC_ROCK_VOUCHER_10000,SEASHELLS,209.0,15
16652,914300,Penelope,Camilla,VOLCANIC_ROCK_VOUCHER_10000,SEASHELLS,212.0,13
16672,915500,Camilla,Caesar,VOLCANIC_ROCK_VOUCHER_10000,SEASHELLS,214.0,10
16673,915500,Pablo,Caesar,VOLCANIC_ROCK_VOUCHER_10000,SEASHELLS,214.0,7
16706,916900,Camilla,Penelope,VOLCANIC_ROCK_VOUCHER_10000,SEASHELLS,213.0,13
16707,916900,Caesar,Penelope,VOLCANIC_ROCK_VOUCHER_10000,SEASHELLS,213.0,1
16718,917500,Camilla,Caesar,VOLCANIC_ROCK_VOUCHER_10000,SEASHELLS,201.0,14
16719,917500,Caesar,Caesar,VOLCANIC_ROCK_VOUCHER_10000,SEASHELLS,201.0,2
16750,919600,Camilla,Penelope,VOLCANIC_ROCK_VOUCHER_10000,SEASHELLS,208.0,17
16758,920200,Penelope,Camilla,VOLCANIC_ROCK_VOUCHER_10000,SEASHELLS,215.0,10
16783,921800,Penelope,Camilla,VOLCANIC_ROCK_VOUCHER_10000,SEASHELLS,223.0,14
16797,922400,Camilla,Pablo,VOLCANIC_ROCK_VOUCHER_10000,SEASHELLS,223.0,7
16802,922500,Camilla,Pablo,VOLCANIC_ROCK_VOUCHER_10000,SEASHELLS,223.0,12
16811,922800,Camilla,Penelope,VOLCANIC_ROCK_VOUCHER_10000,SEASHELLS,220.0,15
16828,924200,Camilla,Caesar,VOLCANIC_ROCK_VOUCHER_10000,SEASHELLS,217.0,13
16829,924200,Caesar,Caesar,VOLCANIC_ROCK_VOUCHER_10000,SEASHELLS,217.0,1
16838,924400,Penelope,Camilla,VOLCANIC_ROCK_VOUCHER_10000,SEASHELLS,218.0,13
16871,926600,Camilla,Caesar,VOLCANIC_ROCK_VOUCHER_10000,SEASHELLS,214.0,13
16891,927700,Penelope,Camilla,VOLCANIC_ROCK_VOUCHER_10000,SEASHELLS,223.0,15
16892,927700,Penelope,Caesar,VOLCANIC_ROCK_VOUCHER_10000,SEASHELLS,223.0,1
16903,928100,Camilla,Caesar,VOLCANIC_ROCK_VOUCHER_10000,SEASHELLS,222.0,15
16904,928100,Caesar,Caesar,VOLCANIC_ROCK_VOUCHER_10000,SEASHELLS,222.0,2
16916,928300,Penelope,Camilla,VOLCANIC_ROCK_VOUCHER_10000,SEASHELLS,226.0,10
16917,928300,Penelope,Caesar,VOLCANIC_ROCK_VOUCHER_10000,SEASHELLS,226.0,2
16975,931700,Camilla,Caesar,VOLCANIC_ROCK_VOUCHER_10000,SEASHELLS,205.0,15
16998,932700,Camilla,Caesar,VOLCANIC_ROCK_VOUCHER_10000,SEASHELLS,203.0,15
17021,933300,Camilla,Penelope,VOLCANIC_ROCK_VOUCHER_10000,SEASHELLS,208.0,13
17022,933300,Caesar,Penelope,VOLCANIC_ROCK_VOUCHER_10000,SEASHELLS,208.0,2
17029,933600,Camilla,Caesar,VOLCANIC_ROCK_VOUCHER_10000,SEASHELLS,213.0,10
17042,934000,Camilla,Pablo,VOLCANIC_ROCK_VOUCHER_10000,SEASHELLS,212.0,8
17047,934200,Penelope,Camilla,VOLCANIC_ROCK_VOUCHER_10000,SEASHELLS,207.0,18
17052,934300,Camilla,Caesar,VOLCANIC_ROCK_VOUCHER_10000,SEASHELLS,206.0,12
17063,934900,Penelope,Camilla,VOLCANIC_ROCK_VOUCHER_10000,SEASHELLS,216.0,18
17082,936100,Camilla,Caesar,VOLCANIC_ROCK_VOUCHER_10000,SEASHELLS,216.0,15
17095,936600,Camilla,Penelope,VOLCANIC_ROCK_VOUCHER_10000,SEASHELLS,224.0,14
17105,937300,Camilla,Penelope,VOLCANIC_ROCK_VOUCHER_10000,SEASHELLS,224.0,16
17121,937900,Camilla,Caesar,VOLCANIC_ROCK_VOUCHER_10000,SEASHELLS,230.0,17
17142,939000,Camilla,Caesar,VOLCANIC_ROCK_VOUCHER_10000,SEASHELLS,233.0,13
17169,940800,Camilla,Caesar,VOLCANIC_ROCK_VOUCHER_10000,SEASHELLS,232.0,11
17170,940800,Caesar,Caesar,VOLCANIC_ROCK_VOUCHER_10000,SEASHELLS,232.0,1
17197,942300,Camilla,Penelope,VOLCANIC_ROCK_VOUCHER_10000,SEASHELLS,229.0,10
17208,942600,Camilla,Caesar,VOLCANIC_ROCK_VOUCHER_10000,SEASHELLS,224.0,11
17230,943800,Camilla,Caesar,VOLCANIC_ROCK_VOUCHER_10000,SEASHELLS,222.0,11
17261,946300,Camilla,Caesar,VOLCANIC_ROCK_VOUCHER_10000,SEASHELLS,225.0,20
17268,947000,Camilla,Caesar,VOLCANIC_ROCK_VOUCHER_10000,SEASHELLS,226.0,13
17269,947000,Caesar,Caesar,VOLCANIC_ROCK_VOUCHER_10000,SEASHELLS,226.0,1
17279,947300,Camilla,Penelope,VOLCANIC_ROCK_VOUCHER_10000,SEASHELLS,221.0,15
17280,947300,Caesar,Penelope,VOLCANIC_ROCK_VOUCHER_10000,SEASHELLS,221.0,2
17326,949600,Camilla,Penelope,VOLCANIC_ROCK_VOUCHER_10000,SEASHELLS,242.0,11
17332,949900,Camilla,Caesar,VOLCANIC_ROCK_VOUCHER_10000,SEASHELLS,240.0,11
17354,951000,Camilla,Caesar,VOLCANIC_ROCK_VOUCHER_10000,SEASHELLS,242.0,10
17355,951000,Caesar,Caesar,VOLCANIC_ROCK_VOUCHER_10000,SEASHELLS,242.0,2
17381,952400,Camilla,Caesar,VOLCANIC_ROCK_VOUCHER_10000,SEASHELLS,242.0,17
17411,954500,Camilla,Caesar,VOLCANIC_ROCK_VOUCHER_10000,SEASHELLS,242.0,15
17472,959500,Camilla,Caesar,VOLCANIC_ROCK_VOUCHER_10000,SEASHELLS,221.0,12
17479,959900,Camilla,Caesar,VOLCANIC_ROCK_VOUCHER_10000,SEASHELLS,222.0,16
17496,960600,Camilla,Pablo,VOLCANIC_ROCK_VOUCHER_10000,SEASHELLS,222.0,9
17501,960700,Camilla,Caesar,VOLCANIC_ROCK_VOUCHER_10000,SEASHELLS,220.0,11
17502,960700,Penelope,Caesar,VOLCANIC_ROCK_VOUCHER_10000,SEASHELLS,220.0,4
17520,961600,Camilla,Caesar,VOLCANIC_ROCK_VOUCHER_10000,SEASHELLS,219.0,12
17548,963500,Camilla,Caesar,VOLCANIC_ROCK_VOUCHER_10000,SEASHELLS,218.0,17
17567,965400,Camilla,Caesar,VOLCANIC_ROCK_VOUCHER_10000,SEASHELLS,224.0,13
17568,965400,Caesar,Caesar,VOLCANIC_ROCK_VOUCHER_10000,SEASHELLS,224.0,1
17593,966400,Camilla,Pablo,VOLCANIC_ROCK_VOUCHER_10000,SEASHELLS,217.0,8
17608,967300,Penelope,Camilla,VOLCANIC_ROCK_VOUCHER_10000,SEASHELLS,215.0,11
17661,971600,Camilla,Caesar,VOLCANIC_ROCK_VOUCHER_10000,SEASHELLS,213.0,14
17662,971600,Caesar,Caesar,VOLCANIC_ROCK_VOUCHER_10000,SEASHELLS,213.0,1
17691,972800,Camilla,Pablo,VOLCANIC_ROCK_VOUCHER_10000,SEASHELLS,218.0,11
17697,973000,Camilla,Caesar,VOLCANIC_ROCK_VOUCHER_10000,SEASHELLS,216.0,16
17698,973000,Caesar,Caesar,VOLCANIC_ROCK_VOUCHER_10000,SEASHELLS,216.0,2
17723,973700,Camilla,Caesar,VOLCANIC_ROCK_VOUCHER_10000,SEASHELLS,218.0,12
17731,973800,Camilla,Caesar,VOLCANIC_ROCK_VOUCHER_10000,SEASHELLS,211.0,13
17747,974300,Camilla,Pablo,VOLCANIC_ROCK_VOUCHER_10000,SEASHELLS,217.0,14
17748,974300,Caesar,Pablo,VOLCANIC_ROCK_VOUCHER_10000,SEASHELLS,217.0,1
17758,974500,Camilla,Caesar,VOLCANIC_ROCK_VOUCHER_10000,SEASHELLS,215.0,10
17768,974800,Camilla,Caesar,VOLCANIC_ROCK_VOUCHER_10000,SEASHELLS,216.0,18
17769,974800,Caesar,Caesar,VOLCANIC_ROCK_VOUCHER_10000,SEASHELLS,216.0,2
17780,975500,Camilla,Caesar,VOLCANIC_ROCK_VOUCHER_10000,SEASHELLS,216.0,13
17781,975500,Caesar,Caesar,VOLCANIC_ROCK_VOUCHER_10000,SEASHELLS,216.0,2
17805,976100,Camilla,Caesar,VOLCANIC_ROCK_VOUCHER_10000,SEASHELLS,213.0,14
17806,976100,Caesar,Caesar,VOLCANIC_ROCK_VOUCHER_10000,SEASHELLS,213.0,2
17827,977000,Camilla,Caesar,VOLCANIC_ROCK_VOUCHER_10000,SEASHELLS,216.0,18
17833,977100,Camilla,Pablo,VOLCANIC_ROCK_VOUCHER_10000,SEASHELLS,217.0,12
17846,977900,Penelope,Camilla,VOLCANIC_ROCK_VOUCHER_10000,SEASHELLS,217.0,10
17867,978800,Camilla,Caesar,VOLCANIC_ROCK_VOUCHER_10000,SEASHELLS,216.0,15
17903,981100,Camilla,Caesar,VOLCANIC_ROCK_VOUCHER_10000,SEASHELLS,205.0,16
17910,981400,Camilla,Caesar,VOLCANIC_ROCK_VOUCHER_10000,SEASHELLS,208.0,14
17911,981400,Caesar,Caesar,VOLCANIC_ROCK_VOUCHER_10000,SEASHELLS,208.0,2
17969,984800,Camilla,Caesar,VOLCANIC_ROCK_VOUCHER_10000,SEASHELLS,215.0,11
17998,986700,Camilla,Caesar,VOLCANIC_ROCK_VOUCHER_10000,SEASHELLS,207.0,15
18012,987700,Camilla,Penelope,VOLCANIC_ROCK_VOUCHER_10000,SEASHELLS,199.0,12
18013,987700,Caesar,Penelope,VOLCANIC_ROCK_VOUCHER_10000,SEASHELLS,199.0,2
18019,987900,Penelope,Camilla,VOLCANIC_ROCK_VOUCHER_10000,SEASHELLS,202.0,10
18024,988200,Penelope,Camilla,VOLCANIC_ROCK_VOUCHER_10000,SEASHELLS,199.0,14
18073,992700,Camilla,Caesar,VOLCANIC_ROCK_VOUCHER_10000,SEASHELLS,191.0,11
18074,992700,Caesar,Caesar,VOLCANIC_ROCK_VOUCHER_10000,SEASHELLS,191.0,1
18102,994100,Camilla,Caesar,VOLCANIC_ROCK_VOUCHER_10000,SEASHELLS,200.0,16
18103,994100,Caesar,Caesar,VOLCANIC_ROCK_VOUCHER_10000,SEASHELLS,200.0,1
18118,994600,Camilla,Caesar,VOLCANIC_ROCK_VOUCHER_10000,SEASHELLS,197.0,11
18130,995200,Camilla,Pablo,VOLCANIC_ROCK_VOUCHER_10000,SEASHELLS,194.0,8
18138,995400,Camilla,Pablo,VOLCANIC_ROCK_VOUCHER_10000,SEASHELLS,194.0,14
18147,995800,Camilla,Caesar,VOLCANIC_ROCK_VOUCHER_10000,SEASHELLS,192.0,13
18171,997100,Camilla,Caesar,VOLCANIC_ROCK_VOUCHER_10000,SEASHELLS,191.0,13
18172,997100,Caesar,Caesar,VOLCANIC_ROCK_VOUCHER_10000,SEASHELLS,191.0,1
18182,997200,Camilla,Caesar,VOLCANIC_ROCK_VOUCHER_10000,SEASHELLS,189.0,17
18183,997200,Caesar,Caesar,VOLCANIC_ROCK_VOUCHER_10000,SEASHELLS,189.0,1
18209,997800,Camilla,Caesar,VOLCANIC_ROCK_VOUCHER_10000,SEASHELLS,192.0,13
18227,998400,Camilla,Caesar,VOLCANIC_ROCK_VOUCHER_10000,SEASHELLS,188.0,11
18243,999500,Camilla,Pablo,VOLCANIC_ROCK_VOUCHER_10000,SEASHELLS,182.0,15
15,1000800,Camilla,Pablo,VOLCANIC_ROCK_VOUCHER_10000,SEASHELLS,182.0,15
39,1001700,Penelope,Camilla,VOLCANIC_ROCK_VOUCHER_10000,SEASHELLS,190.0,13
68,1003700,Camilla,Caesar,VOLCANIC_ROCK_VOUCHER_10000,SEASHELLS,180.0,10
69,1003700,Caesar,Caesar,VOLCANIC_ROCK_VOUCHER_10000,SEASHELLS,180.0,2
141,1009000,Camilla,Caesar,VOLCANIC_ROCK_VOUCHER_10000,SEASHELLS,178.0,19
142,1009000,Caesar,Caesar,VOLCANIC_ROCK_VOUCHER_10000,SEASHELLS,178.0,1
161,1009600,Camilla,Caesar,VOLCANIC_ROCK_VOUCHER_10000,SEASHELLS,180.0,11
166,1009800,Camilla,Caesar,VOLCANIC_ROCK_VOUCHER_10000,SEASHELLS,181.0,14
187,1011400,Penelope,Camilla,VOLCANIC_ROCK_VOUCHER_10000,SEASHELLS,175.0,10
210,1012400,Camilla,Pablo,VOLCANIC_ROCK_VOUCHER_10000,SEASHELLS,138.0,11
227,1013300,Penelope,Camilla,VOLCANIC_ROCK_VOUCHER_10000,SEASHELLS,147.0,11
234,1013900,Camilla,Caesar,VOLCANIC_ROCK_VOUCHER_10000,SEASHELLS,153.0,16
235,1013900,Caesar,Caesar,VOLCANIC_ROCK_VOUCHER_10000,SEASHELLS,153.0,1
247,1014200,Camilla,Caesar,VOLCANIC_ROCK_VOUCHER_10000,SEASHELLS,151.0,12
273,1015400,Camilla,Pablo,VOLCANIC_ROCK_VOUCHER_10000,SEASHELLS,155.0,6
299,1017200,Camilla,Caesar,VOLCANIC_ROCK_VOUCHER_10000,SEASHELLS,158.0,16
300,1017200,Caesar,Caesar,VOLCANIC_ROCK_VOUCHER_10000,SEASHELLS,158.0,2
330,1019300,Camilla,Caesar,VOLCANIC_ROCK_VOUCHER_10000,SEASHELLS,159.0,11
371,1022300,Camilla,Pablo,VOLCANIC_ROCK_VOUCHER_10000,SEASHELLS,163.0,12
378,1022500,Camilla,Pablo,VOLCANIC_ROCK_VOUCHER_10000,SEASHELLS,162.0,7
385,1022600,Camilla,Caesar,VOLCANIC_ROCK_VOUCHER_10000,SEASHELLS,161.0,13
386,1022600,Caesar,Caesar,VOLCANIC_ROCK_VOUCHER_10000,SEASHELLS,161.0,1
410,1024000,Camilla,Caesar,VOLCANIC_ROCK_VOUCHER_10000,SEASHELLS,164.0,16
448,1026200,Camilla,Caesar,VOLCANIC_ROCK_VOUCHER_10000,SEASHELLS,158.0,12
449,1026200,Caesar,Caesar,VOLCANIC_ROCK_VOUCHER_10000,SEASHELLS,158.0,1
465,1026600,Camilla,Pablo,VOLCANIC_ROCK_VOUCHER_10000,SEASHELLS,158.0,7
480,1027300,Camilla,Caesar,VOLCANIC_ROCK_VOUCHER_10000,SEASHELLS,161.0,13
492,1028000,Camilla,Caesar,VOLCANIC_ROCK_VOUCHER_10000,SEASHELLS,168.0,11
493,1028000,Camilla,Penelope,VOLCANIC_ROCK_VOUCHER_10000,SEASHELLS,168.0,3
494,1028000,Caesar,Penelope,VOLCANIC_ROCK_VOUCHER_10000,SEASHELLS,168.0,1
521,1029300,Camilla,Caesar,VOLCANIC_ROCK_VOUCHER_10000,SEASHELLS,175.0,14
526,1029500,Camilla,Pablo,VOLCANIC_ROCK_VOUCHER_10000,SEASHELLS,178.0,8
546,1030400,Camilla,Penelope,VOLCANIC_ROCK_VOUCHER_10000,SEASHELLS,169.0,16
547,1030400,Caesar,Penelope,VOLCANIC_ROCK_VOUCHER_10000,SEASHELLS,169.0,1
557,1030800,Camilla,Caesar,VOLCANIC_ROCK_VOUCHER_10000,SEASHELLS,164.0,17
558,1030800,Caesar,Caesar,VOLCANIC_ROCK_VOUCHER_10000,SEASHELLS,164.0,2
573,1031100,Camilla,Pablo,VOLCANIC_ROCK_VOUCHER_10000,SEASHELLS,158.0,6
620,1033900,Camilla,Penelope,VOLCANIC_ROCK_VOUCHER_10000,SEASHELLS,153.0,14
641,1035000,Camilla,Caesar,VOLCANIC_ROCK_VOUCHER_10000,SEASHELLS,148.0,13
648,1035400,Camilla,Caesar,VOLCANIC_ROCK_VOUCHER_10000,SEASHELLS,160.0,14
656,1035800,Camilla,Penelope,VOLCANIC_ROCK_VOUCHER_10000,SEASHELLS,150.0,16
657,1035800,Caesar,Penelope,VOLCANIC_ROCK_VOUCHER_10000,SEASHELLS,150.0,2
670,1036500,Camilla,Pablo,VOLCANIC_ROCK_VOUCHER_10000,SEASHELLS,156.0,6
680,1037000,Camilla,Pablo,VOLCANIC_ROCK_VOUCHER_10000,SEASHELLS,149.0,6
688,1037200,Camilla,Caesar,VOLCANIC_ROCK_VOUCHER_10000,SEASHELLS,156.0,15
689,1037200,Camilla,Pablo,VOLCANIC_ROCK_VOUCHER_10000,SEASHELLS,156.0,4
735,1040200,Camilla,Penelope,VOLCANIC_ROCK_VOUCHER_10000,SEASHELLS,153.0,13
758,1041700,Camilla,Caesar,VOLCANIC_ROCK_VOUCHER_10000,SEASHELLS,156.0,13
759,1041700,Caesar,Caesar,VOLCANIC_ROCK_VOUCHER_10000,SEASHELLS,156.0,2
782,1042600,Camilla,Caesar,VOLCANIC_ROCK_VOUCHER_10000,SEASHELLS,157.0,11
783,1042600,Caesar,Caesar,VOLCANIC_ROCK_VOUCHER_10000,SEASHELLS,157.0,1
784,1042600,Penelope,Caesar,VOLCANIC_ROCK_VOUCHER_10000,SEASHELLS,157.0,5
800,1043000,Camilla,Penelope,VOLCANIC_ROCK_VOUCHER_10000,SEASHELLS,156.0,15
818,1044000,Camilla,Caesar,VOLCANIC_ROCK_VOUCHER_10000,SEASHELLS,161.0,12
819,1044000,Caesar,Caesar,VOLCANIC_ROCK_VOUCHER_10000,SEASHELLS,161.0,1
832,1044200,Camilla,Pablo,VOLCANIC_ROCK_VOUCHER_10000,SEASHELLS,164.0,12
840,1044400,Camilla,Pablo,VOLCANIC_ROCK_VOUCHER_10000,SEASHELLS,170.0,10
841,1044400,Caesar,Pablo,VOLCANIC_ROCK_VOUCHER_10000,SEASHELLS,170.0,2
865,1045300,Camilla,Caesar,VOLCANIC_ROCK_VOUCHER_10000,SEASHELLS,153.0,17
866,1045300,Caesar,Caesar,VOLCANIC_ROCK_VOUCHER_10000,SEASHELLS,153.0,1
881,1045700,Camilla,Pablo,VOLCANIC_ROCK_VOUCHER_10000,SEASHELLS,154.0,11
882,1045700,Caesar,Pablo,VOLCANIC_ROCK_VOUCHER_10000,SEASHELLS,154.0,2
895,1046000,Penelope,Camilla,VOLCANIC_ROCK_VOUCHER_10000,SEASHELLS,159.0,12
902,1046200,Penelope,Camilla,VOLCANIC_ROCK_VOUCHER_10000,SEASHELLS,162.0,16
937,1048900,Penelope,Camilla,VOLCANIC_ROCK_VOUCHER_10000,SEASHELLS,172.0,12
943,1049200,Camilla,Penelope,VOLCANIC_ROCK_VOUCHER_10000,SEASHELLS,173.0,14
944,1049200,Caesar,Penelope,VOLCANIC_ROCK_VOUCHER_10000,SEASHELLS,173.0,1
983,1051900,Camilla,Caesar,VOLCANIC_ROCK_VOUCHER_10000,SEASHELLS,171.0,10
991,1052100,Camilla,Caesar,VOLCANIC_ROCK_VOUCHER_10000,SEASHELLS,176.0,13
992,1052100,Caesar,Caesar,VOLCANIC_ROCK_VOUCHER_10000,SEASHELLS,176.0,2
1012,1052800,Camilla,Caesar,VOLCANIC_ROCK_VOUCHER_10000,SEASHELLS,171.0,12
1013,1052800,Caesar,Caesar,VOLCANIC_ROCK_VOUCHER_10000,SEASHELLS,171.0,2
1030,1053700,Penelope,Camilla,VOLCANIC_ROCK_VOUCHER_10000,SEASHELLS,176.0,13
1040,1054700,Camilla,Caesar,VOLCANIC_ROCK_VOUCHER_10000,SEASHELLS,173.0,11
1041,1054700,Caesar,Caesar,VOLCANIC_ROCK_VOUCHER_10000,SEASHELLS,173.0,1
1073,1056000,Camilla,Pablo,VOLCANIC_ROCK_VOUCHER_10000,SEASHELLS,160.0,7
1081,1056200,Camilla,Caesar,VOLCANIC_ROCK_VOUCHER_10000,SEASHELLS,158.0,12
1093,1057100,Penelope,Camilla,VOLCANIC_ROCK_VOUCHER_10000,SEASHELLS,162.0,11
1101,1057400,Camilla,Caesar,VOLCANIC_ROCK_VOUCHER_10000,SEASHELLS,165.0,13
1102,1057400,Caesar,Caesar,VOLCANIC_ROCK_VOUCHER_10000,SEASHELLS,165.0,2
1137,1059700,Camilla,Penelope,VOLCANIC_ROCK_VOUCHER_10000,SEASHELLS,173.0,16
1184,1062700,Camilla,Penelope,VOLCANIC_ROCK_VOUCHER_10000,SEASHELLS,175.0,14
1219,1064900,Camilla,Caesar,VOLCANIC_ROCK_VOUCHER_10000,SEASHELLS,175.0,10
1236,1065800,Camilla,Penelope,VOLCANIC_ROCK_VOUCHER_10000,SEASHELLS,170.0,14
1237,1065800,Caesar,Penelope,VOLCANIC_ROCK_VOUCHER_10000,SEASHELLS,170.0,2
1245,1065900,Camilla,Caesar,VOLCANIC_ROCK_VOUCHER_10000,SEASHELLS,170.0,11
1246,1065900,Caesar,Caesar,VOLCANIC_ROCK_VOUCHER_10000,SEASHELLS,170.0,1
1260,1066500,Camilla,Caesar,VOLCANIC_ROCK_VOUCHER_10000,SEASHELLS,169.0,15
1261,1066500,Caesar,Caesar,VOLCANIC_ROCK_VOUCHER_10000,SEASHELLS,169.0,1
1291,1068600,Penelope,Camilla,VOLCANIC_ROCK_VOUCHER_10000,SEASHELLS,172.0,13
1292,1068600,Penelope,Caesar,VOLCANIC_ROCK_VOUCHER_10000,SEASHELLS,172.0,1
1315,1070000,Penelope,Camilla,VOLCANIC_ROCK_VOUCHER_10000,SEASHELLS,176.0,16
1316,1070000,Penelope,Caesar,VOLCANIC_ROCK_VOUCHER_10000,SEASHELLS,176.0,2
1321,1070200,Camilla,Caesar,VOLCANIC_ROCK_VOUCHER_10000,SEASHELLS,177.0,14
1322,1070200,Caesar,Caesar,VOLCANIC_ROCK_VOUCHER_10000,SEASHELLS,177.0,2
1346,1071500,Camilla,Penelope,VOLCANIC_ROCK_VOUCHER_10000,SEASHELLS,176.0,11
1361,1072700,Penelope,Camilla,VOLCANIC_ROCK_VOUCHER_10000,SEASHELLS,174.0,11
1372,1072900,Camilla,Pablo,VOLCANIC_ROCK_VOUCHER_10000,SEASHELLS,180.0,6
1377,1073000,Penelope,Camilla,VOLCANIC_ROCK_VOUCHER_10000,SEASHELLS,179.0,10
1380,1073100,Camilla,Caesar,VOLCANIC_ROCK_VOUCHER_10000,SEASHELLS,183.0,10
1397,1074300,Camilla,Pablo,VOLCANIC_ROCK_VOUCHER_10000,SEASHELLS,184.0,8
1406,1074900,Camilla,Penelope,VOLCANIC_ROCK_VOUCHER_10000,SEASHELLS,183.0,14
1428,1077100,Camilla,Caesar,VOLCANIC_ROCK_VOUCHER_10000,SEASHELLS,172.0,11
1444,1078900,Camilla,Caesar,VOLCANIC_ROCK_VOUCHER_10000,SEASHELLS,166.0,13
1453,1079400,Camilla,Penelope,VOLCANIC_ROCK_VOUCHER_10000,SEASHELLS,171.0,16
1456,1079500,Camilla,Caesar,VOLCANIC_ROCK_VOUCHER_10000,SEASHELLS,173.0,13
1457,1079500,Caesar,Caesar,VOLCANIC_ROCK_VOUCHER_10000,SEASHELLS,173.0,1
1469,1079700,Camilla,Caesar,VOLCANIC_ROCK_VOUCHER_10000,SEASHELLS,169.0,13
1477,1079900,Camilla,Caesar,VOLCANIC_ROCK_VOUCHER_10000,SEASHELLS,170.0,11
1514,1082800,Camilla,Caesar,VOLCANIC_ROCK_VOUCHER_10000,SEASHELLS,175.0,14
1515,1082800,Caesar,Caesar,VOLCANIC_ROCK_VOUCHER_10000,SEASHELLS,175.0,2
1534,1083100,Camilla,Caesar,VOLCANIC_ROCK_VOUCHER_10000,SEASHELLS,181.0,12
1546,1083600,Camilla,Caesar,VOLCANIC_ROCK_VOUCHER_10000,SEASHELLS,182.0,13
1565,1085200,Camilla,Caesar,VOLCANIC_ROCK_VOUCHER_10000,SEASHELLS,182.0,16
1613,1088800,Camilla,Caesar,VOLCANIC_ROCK_VOUCHER_10000,SEASHELLS,192.0,17
1614,1088800,Caesar,Caesar,VOLCANIC_ROCK_VOUCHER_10000,SEASHELLS,192.0,2
1628,1089400,Camilla,Caesar,VOLCANIC_ROCK_VOUCHER_10000,SEASHELLS,192.0,14
1634,1089500,Camilla,Caesar,VOLCANIC_ROCK_VOUCHER_10000,SEASHELLS,194.0,12
1650,1090100,Camilla,Pablo,VOLCANIC_ROCK_VOUCHER_10000,SEASHELLS,191.0,11
1673,1091300,Camilla,Pablo,VOLCANIC_ROCK_VOUCHER_10000,SEASHELLS,192.0,12
1674,1091300,Caesar,Pablo,VOLCANIC_ROCK_VOUCHER_10000,SEASHELLS,192.0,1
1694,1091800,Camilla,Caesar,VOLCANIC_ROCK_VOUCHER_10000,SEASHELLS,191.0,13
1695,1091800,Caesar,Caesar,VOLCANIC_ROCK_VOUCHER_10000,SEASHELLS,191.0,1
1755,1096700,Camilla,Caesar,VOLCANIC_ROCK_VOUCHER_10000,SEASHELLS,188.0,19
1756,1096700,Caesar,Caesar,VOLCANIC_ROCK_VOUCHER_10000,SEASHELLS,188.0,1
1769,1097200,Camilla,Caesar,VOLCANIC_ROCK_VOUCHER_10000,SEASHELLS,192.0,12
1784,1097600,Camilla,Penelope,VOLCANIC_ROCK_VOUCHER_10000,SEASHELLS,193.0,18
1802,1098500,Camilla,Caesar,VOLCANIC_ROCK_VOUCHER_10000,SEASHELLS,193.0,15
1817,1099300,Camilla,Pablo,VOLCANIC_ROCK_VOUCHER_10000,SEASHELLS,187.0,10
1828,1099900,Camilla,Caesar,VOLCANIC_ROCK_VOUCHER_10000,SEASHELLS,191.0,10
1851,1101100,Camilla,Caesar,VOLCANIC_ROCK_VOUCHER_10000,SEASHELLS,187.0,16
1869,1101900,Camilla,Caesar,VOLCANIC_ROCK_VOUCHER_10000,SEASHELLS,183.0,18
1870,1101900,Caesar,Caesar,VOLCANIC_ROCK_VOUCHER_10000,SEASHELLS,183.0,1
1886,1102400,Camilla,Penelope,VOLCANIC_ROCK_VOUCHER_10000,SEASHELLS,188.0,11
1887,1102400,Caesar,Penelope,VOLCANIC_ROCK_VOUCHER_10000,SEASHELLS,188.0,2
1892,1102500,Camilla,Penelope,VOLCANIC_ROCK_VOUCHER_10000,SEASHELLS,192.0,14
1893,1102500,Caesar,Penelope,VOLCANIC_ROCK_VOUCHER_10000,SEASHELLS,192.0,1
1894,1102500,Caesar,Penelope,VOLCANIC_ROCK_VOUCHER_10000,SEASHELLS,192.0,3
1925,1103900,Camilla,Caesar,VOLCANIC_ROCK_VOUCHER_10000,SEASHELLS,187.0,18
1941,1104600,Camilla,Caesar,VOLCANIC_ROCK_VOUCHER_10000,SEASHELLS,181.0,13
1960,1105800,Camilla,Caesar,VOLCANIC_ROCK_VOUCHER_10000,SEASHELLS,179.0,16
1968,1106000,Camilla,Caesar,VOLCANIC_ROCK_VOUCHER_10000,SEASHELLS,181.0,13
1969,1106000,Caesar,Caesar,VOLCANIC_ROCK_VOUCHER_10000,SEASHELLS,181.0,1
1991,1106900,Camilla,Pablo,VOLCANIC_ROCK_VOUCHER_10000,SEASHELLS,187.0,12
2032,1109900,Camilla,Penelope,VOLCANIC_ROCK_VOUCHER_10000,SEASHELLS,180.0,15
2033,1109900,Caesar,Penelope,VOLCANIC_ROCK_VOUCHER_10000,SEASHELLS,180.0,1
2042,1110200,Camilla,Caesar,VOLCANIC_ROCK_VOUCHER_10000,SEASHELLS,181.0,16
2060,1111200,Penelope,Camilla,VOLCANIC_ROCK_VOUCHER_10000,SEASHELLS,181.0,10
2069,1111900,Camilla,Penelope,VOLCANIC_ROCK_VOUCHER_10000,SEASHELLS,177.0,15
2070,1111900,Caesar,Penelope,VOLCANIC_ROCK_VOUCHER_10000,SEASHELLS,177.0,1
2079,1112100,Penelope,Camilla,VOLCANIC_ROCK_VOUCHER_10000,SEASHELLS,181.0,10
2113,1114500,Camilla,Caesar,VOLCANIC_ROCK_VOUCHER_10000,SEASHELLS,183.0,14
2119,1114900,Camilla,Caesar,VOLCANIC_ROCK_VOUCHER_10000,SEASHELLS,178.0,10
2120,1114900,Caesar,Caesar,VOLCANIC_ROCK_VOUCHER_10000,SEASHELLS,178.0,1
2131,1115000,Camilla,Caesar,VOLCANIC_ROCK_VOUCHER_10000,SEASHELLS,182.0,11
2166,1118200,Camilla,Caesar,VOLCANIC_ROCK_VOUCHER_10000,SEASHELLS,183.0,11
2167,1118200,Penelope,Camilla,VOLCANIC_ROCK_VOUCHER_10000,SEASHELLS,184.0,16
2186,1119500,Camilla,Caesar,VOLCANIC_ROCK_VOUCHER_10000,SEASHELLS,178.0,10
2187,1119500,Caesar,Caesar,VOLCANIC_ROCK_VOUCHER_10000,SEASHELLS,178.0,2
2222,1121400,Camilla,Caesar,VOLCANIC_ROCK_VOUCHER_10000,SEASHELLS,181.0,16
2246,1123400,Camilla,Caesar,VOLCANIC_ROCK_VOUCHER_10000,SEASHELLS,187.0,15
2258,1123800,Camilla,Caesar,VOLCANIC_ROCK_VOUCHER_10000,SEASHELLS,193.0,19
2265,1124000,Camilla,Caesar,VOLCANIC_ROCK_VOUCHER_10000,SEASHELLS,191.0,10
2273,1124200,Camilla,Caesar,VOLCANIC_ROCK_VOUCHER_10000,SEASHELLS,190.0,11
2278,1124400,Camilla,Pablo,VOLCANIC_ROCK_VOUCHER_10000,SEASHELLS,193.0,5
2286,1124500,Camilla,Caesar,VOLCANIC_ROCK_VOUCHER_10000,SEASHELLS,194.0,11
2290,1124600,Camilla,Caesar,VOLCANIC_ROCK_VOUCHER_10000,SEASHELLS,193.0,15
2318,1126400,Camilla,Caesar,VOLCANIC_ROCK_VOUCHER_10000,SEASHELLS,194.0,20
2359,1128800,Camilla,Caesar,VOLCANIC_ROCK_VOUCHER_10000,SEASHELLS,193.0,12
2390,1130100,Camilla,Caesar,VOLCANIC_ROCK_VOUCHER_10000,SEASHELLS,194.0,11
2391,1130100,Caesar,Caesar,VOLCANIC_ROCK_VOUCHER_10000,SEASHELLS,194.0,1
2420,1131300,Camilla,Penelope,VOLCANIC_ROCK_VOUCHER_10000,SEASHELLS,202.0,13
2421,1131300,Caesar,Penelope,VOLCANIC_ROCK_VOUCHER_10000,SEASHELLS,202.0,2
2441,1131900,Camilla,Caesar,VOLCANIC_ROCK_VOUCHER_10000,SEASHELLS,200.0,14
2502,1135300,Camilla,Caesar,VOLCANIC_ROCK_VOUCHER_10000,SEASHELLS,209.0,13
2539,1137800,Camilla,Caesar,VOLCANIC_ROCK_VOUCHER_10000,SEASHELLS,202.0,16
2562,1138800,Camilla,Caesar,VOLCANIC_ROCK_VOUCHER_10000,SEASHELLS,205.0,14
2563,1138800,Caesar,Caesar,VOLCANIC_ROCK_VOUCHER_10000,SEASHELLS,205.0,2
2587,1140400,Camilla,Pablo,VOLCANIC_ROCK_VOUCHER_10000,SEASHELLS,202.0,5
2604,1141100,Penelope,Camilla,VOLCANIC_ROCK_VOUCHER_10000,SEASHELLS,197.0,10
2605,1141100,Penelope,Caesar,VOLCANIC_ROCK_VOUCHER_10000,SEASHELLS,197.0,2
2627,1141900,Camilla,Caesar,VOLCANIC_ROCK_VOUCHER_10000,SEASHELLS,191.0,10
2656,1142800,Camilla,Caesar,VOLCANIC_ROCK_VOUCHER_10000,SEASHELLS,192.0,14
2657,1142800,Camilla,Penelope,VOLCANIC_ROCK_VOUCHER_10000,SEASHELLS,192.0,4
2658,1142800,Caesar,Penelope,VOLCANIC_ROCK_VOUCHER_10000,SEASHELLS,192.0,1
2671,1143100,Camilla,Caesar,VOLCANIC_ROCK_VOUCHER_10000,SEASHELLS,193.0,12
2672,1143100,Caesar,Caesar,VOLCANIC_ROCK_VOUCHER_10000,SEASHELLS,193.0,2
2685,1143300,Camilla,Caesar,VOLCANIC_ROCK_VOUCHER_10000,SEASHELLS,190.0,18
2686,1143300,Caesar,Caesar,VOLCANIC_ROCK_VOUCHER_10000,SEASHELLS,190.0,1
2696,1143400,Camilla,Caesar,VOLCANIC_ROCK_VOUCHER_10000,SEASHELLS,189.0,12
2697,1143400,Caesar,Caesar,VOLCANIC_ROCK_VOUCHER_10000,SEASHELLS,189.0,2
2723,1144300,Camilla,Penelope,VOLCANIC_ROCK_VOUCHER_10000,SEASHELLS,184.0,16
2783,1147700,Camilla,Pablo,VOLCANIC_ROCK_VOUCHER_10000,SEASHELLS,180.0,9
2797,1148200,Camilla,Pablo,VOLCANIC_ROCK_VOUCHER_10000,SEASHELLS,178.0,11
2820,1149300,Camilla,Caesar,VOLCANIC_ROCK_VOUCHER_10000,SEASHELLS,176.0,10
2821,1149300,Caesar,Caesar,VOLCANIC_ROCK_VOUCHER_10000,SEASHELLS,176.0,1
2832,1149800,Camilla,Caesar,VOLCANIC_ROCK_VOUCHER_10000,SEASHELLS,175.0,10
2845,1150700,Camilla,Pablo,VOLCANIC_ROCK_VOUCHER_10000,SEASHELLS,176.0,9
2880,1152500,Camilla,Caesar,VOLCANIC_ROCK_VOUCHER_10000,SEASHELLS,175.0,16
2888,1152700,Camilla,Penelope,VOLCANIC_ROCK_VOUCHER_10000,SEASHELLS,175.0,11
2903,1153400,Penelope,Camilla,VOLCANIC_ROCK_VOUCHER_10000,SEASHELLS,178.0,10
2963,1158400,Penelope,Camilla,VOLCANIC_ROCK_VOUCHER_10000,SEASHELLS,182.0,10
