,timestamp,buyer,seller,symbol,currency,price,quantity
44,3500,Camilla,Caesar,VOLCANIC_ROCK_VOUCHER_9500,SEASHELLS,722.0,14
45,3500,Caesar,Caesar,VOLCANIC_ROCK_VOUCHER_9500,SEASHELLS,722.0,2
54,4200,Camilla,Pablo,VOLCANIC_ROCK_VOUCHER_9500,SEASHELLS,714.0,7
64,4800,Penelope,Camilla,VOLCANIC_ROCK_VOUCHER_9500,SEASHELLS,717.0,15
100,7000,Penelope,Camilla,VOLCANIC_ROCK_VOUCHER_9500,SEASHELLS,726.0,15
112,7600,Camilla,Caesar,VOLCANIC_ROCK_VOUCHER_9500,SEASHELLS,727.0,13
137,9400,Camilla,Pablo,VOLCANIC_ROCK_VOUCHER_9500,SEASHELLS,722.0,10
178,12500,Camilla,Caesar,VOLCANIC_ROCK_VOUCHER_9500,SEASHELLS,699.0,18
218,15000,Camilla,Caesar,VOLCANIC_ROCK_VOUCHER_9500,SEASHELLS,697.0,17
252,17300,Camilla,Pablo,VOLCANIC_ROCK_VOUCHER_9500,SEASHELLS,695.0,9
260,17900,Camilla,Pablo,VOLCANIC_ROCK_VOUCHER_9500,SEASHELLS,698.0,14
286,19400,Camilla,Caesar,VOLCANIC_ROCK_VOUCHER_9500,SEASHELLS,701.0,17
316,21000,Camilla,Caesar,VOLCANIC_ROCK_VOUCHER_9500,SEASHELLS,701.0,12
325,21300,Camilla,Caesar,VOLCANIC_ROCK_VOUCHER_9500,SEASHELLS,706.0,14
329,21400,Camilla,Penelope,VOLCANIC_ROCK_VOUCHER_9500,SEASHELLS,704.0,17
361,22800,Camilla,Caesar,VOLCANIC_ROCK_VOUCHER_9500,SEASHELLS,709.0,17
362,22800,Caesar,Caesar,VOLCANIC_ROCK_VOUCHER_9500,SEASHELLS,709.0,1
382,24100,Camilla,Caesar,VOLCANIC_ROCK_VOUCHER_9500,SEASHELLS,701.0,15
411,26400,Camilla,Caesar,VOLCANIC_ROCK_VOUCHER_9500,SEASHELLS,702.0,10
424,27100,Camilla,Caesar,VOLCANIC_ROCK_VOUCHER_9500,SEASHELLS,701.0,11
434,27800,Camilla,Caesar,VOLCANIC_ROCK_VOUCHER_9500,SEASHELLS,696.0,15
459,29500,Camilla,Caesar,VOLCANIC_ROCK_VOUCHER_9500,SEASHELLS,688.0,11
478,30700,Penelope,Camilla,VOLCANIC_ROCK_VOUCHER_9500,SEASHELLS,685.0,12
490,31200,Camilla,Penelope,VOLCANIC_ROCK_VOUCHER_9500,SEASHELLS,682.0,11
505,31800,Camilla,Caesar,VOLCANIC_ROCK_VOUCHER_9500,SEASHELLS,682.0,16
506,31800,Caesar,Caesar,VOLCANIC_ROCK_VOUCHER_9500,SEASHELLS,682.0,1
521,32600,Penelope,Camilla,VOLCANIC_ROCK_VOUCHER_9500,SEASHELLS,682.0,17
552,34800,Camilla,Caesar,VOLCANIC_ROCK_VOUCHER_9500,SEASHELLS,691.0,10
567,35600,Camilla,Caesar,VOLCANIC_ROCK_VOUCHER_9500,SEASHELLS,693.0,14
582,36800,Camilla,Pablo,VOLCANIC_ROCK_VOUCHER_9500,SEASHELLS,691.0,12
583,36800,Caesar,Pablo,VOLCANIC_ROCK_VOUCHER_9500,SEASHELLS,691.0,2
608,38100,Camilla,Caesar,VOLCANIC_ROCK_VOUCHER_9500,SEASHELLS,693.0,13
630,40300,Camilla,Penelope,VOLCANIC_ROCK_VOUCHER_9500,SEASHELLS,697.0,10
642,41200,Camilla,Caesar,VOLCANIC_ROCK_VOUCHER_9500,SEASHELLS,693.0,11
697,45300,Camilla,Pablo,VOLCANIC_ROCK_VOUCHER_9500,SEASHELLS,690.0,12
705,45700,Camilla,Caesar,VOLCANIC_ROCK_VOUCHER_9500,SEASHELLS,686.0,14
711,46100,Camilla,Pablo,VOLCANIC_ROCK_VOUCHER_9500,SEASHELLS,686.0,10
734,47600,Camilla,Caesar,VOLCANIC_ROCK_VOUCHER_9500,SEASHELLS,682.0,12
752,48300,Camilla,Pablo,VOLCANIC_ROCK_VOUCHER_9500,SEASHELLS,677.0,10
753,48300,Caesar,Pablo,VOLCANIC_ROCK_VOUCHER_9500,SEASHELLS,677.0,2
769,49100,Penelope,Camilla,VOLCANIC_ROCK_VOUCHER_9500,SEASHELLS,677.0,11
790,50100,Camilla,Caesar,VOLCANIC_ROCK_VOUCHER_9500,SEASHELLS,671.0,12
791,50100,Caesar,Caesar,VOLCANIC_ROCK_VOUCHER_9500,SEASHELLS,671.0,2
811,50700,Camilla,Caesar,VOLCANIC_ROCK_VOUCHER_9500,SEASHELLS,669.0,11
846,52700,Camilla,Pablo,VOLCANIC_ROCK_VOUCHER_9500,SEASHELLS,665.0,10
847,52700,Caesar,Pablo,VOLCANIC_ROCK_VOUCHER_9500,SEASHELLS,665.0,2
859,53400,Camilla,Pablo,VOLCANIC_ROCK_VOUCHER_9500,SEASHELLS,666.0,11
906,56500,Camilla,Caesar,VOLCANIC_ROCK_VOUCHER_9500,SEASHELLS,659.0,15
907,56500,Caesar,Caesar,VOLCANIC_ROCK_VOUCHER_9500,SEASHELLS,659.0,2
913,56600,Camilla,Caesar,VOLCANIC_ROCK_VOUCHER_9500,SEASHELLS,656.0,16
924,57000,Camilla,Caesar,VOLCANIC_ROCK_VOUCHER_9500,SEASHELLS,661.0,19
925,57000,Caesar,Caesar,VOLCANIC_ROCK_VOUCHER_9500,SEASHELLS,661.0,1
934,57100,Camilla,Penelope,VOLCANIC_ROCK_VOUCHER_9500,SEASHELLS,661.0,16
971,58700,Camilla,Caesar,VOLCANIC_ROCK_VOUCHER_9500,SEASHELLS,657.0,10
1052,63600,Camilla,Penelope,VOLCANIC_ROCK_VOUCHER_9500,SEASHELLS,684.0,12
1053,63600,Caesar,Penelope,VOLCANIC_ROCK_VOUCHER_9500,SEASHELLS,684.0,1
1083,65200,Camilla,Caesar,VOLCANIC_ROCK_VOUCHER_9500,SEASHELLS,689.0,17
1109,66300,Camilla,Caesar,VOLCANIC_ROCK_VOUCHER_9500,SEASHELLS,687.0,13
1127,67200,Camilla,Caesar,VOLCANIC_ROCK_VOUCHER_9500,SEASHELLS,680.0,11
1128,67200,Caesar,Caesar,VOLCANIC_ROCK_VOUCHER_9500,SEASHELLS,680.0,1
1168,69300,Camilla,Pablo,VOLCANIC_ROCK_VOUCHER_9500,SEASHELLS,692.0,15
1176,69600,Camilla,Caesar,VOLCANIC_ROCK_VOUCHER_9500,SEASHELLS,689.0,20
1198,71700,Camilla,Caesar,VOLCANIC_ROCK_VOUCHER_9500,SEASHELLS,690.0,11
1199,71700,Caesar,Caesar,VOLCANIC_ROCK_VOUCHER_9500,SEASHELLS,690.0,1
1229,73000,Camilla,Caesar,VOLCANIC_ROCK_VOUCHER_9500,SEASHELLS,685.0,12
1268,74900,Camilla,Caesar,VOLCANIC_ROCK_VOUCHER_9500,SEASHELLS,685.0,14
1293,76000,Camilla,Caesar,VOLCANIC_ROCK_VOUCHER_9500,SEASHELLS,683.0,16
1294,76000,Caesar,Caesar,VOLCANIC_ROCK_VOUCHER_9500,SEASHELLS,683.0,1
1326,78500,Camilla,Caesar,VOLCANIC_ROCK_VOUCHER_9500,SEASHELLS,679.0,14
1348,80000,Camilla,Pablo,VOLCANIC_ROCK_VOUCHER_9500,SEASHELLS,679.0,15
1355,80200,Camilla,Caesar,VOLCANIC_ROCK_VOUCHER_9500,SEASHELLS,682.0,12
1379,81700,Penelope,Camilla,VOLCANIC_ROCK_VOUCHER_9500,SEASHELLS,683.0,11
1380,81700,Penelope,Caesar,VOLCANIC_ROCK_VOUCHER_9500,SEASHELLS,683.0,1
1418,83800,Camilla,Caesar,VOLCANIC_ROCK_VOUCHER_9500,SEASHELLS,687.0,11
1442,85100,Camilla,Pablo,VOLCANIC_ROCK_VOUCHER_9500,SEASHELLS,680.0,5
1451,85400,Camilla,Pablo,VOLCANIC_ROCK_VOUCHER_9500,SEASHELLS,681.0,9
1534,89900,Penelope,Camilla,VOLCANIC_ROCK_VOUCHER_9500,SEASHELLS,682.0,14
1541,90400,Camilla,Pablo,VOLCANIC_ROCK_VOUCHER_9500,SEASHELLS,676.0,10
1555,90700,Penelope,Camilla,VOLCANIC_ROCK_VOUCHER_9500,SEASHELLS,676.0,12
1556,90700,Penelope,Caesar,VOLCANIC_ROCK_VOUCHER_9500,SEASHELLS,676.0,2
1590,92000,Penelope,Camilla,VOLCANIC_ROCK_VOUCHER_9500,SEASHELLS,677.0,15
1599,92400,Camilla,Caesar,VOLCANIC_ROCK_VOUCHER_9500,SEASHELLS,685.0,11
1610,92900,Camilla,Caesar,VOLCANIC_ROCK_VOUCHER_9500,SEASHELLS,689.0,16
1658,95900,Camilla,Caesar,VOLCANIC_ROCK_VOUCHER_9500,SEASHELLS,677.0,15
1730,101300,Camilla,Caesar,VOLCANIC_ROCK_VOUCHER_9500,SEASHELLS,656.0,17
1741,102000,Camilla,Caesar,VOLCANIC_ROCK_VOUCHER_9500,SEASHELLS,656.0,13
1749,102100,Camilla,Pablo,VOLCANIC_ROCK_VOUCHER_9500,SEASHELLS,654.0,8
1763,102600,Camilla,Caesar,VOLCANIC_ROCK_VOUCHER_9500,SEASHELLS,649.0,19
1784,104000,Camilla,Pablo,VOLCANIC_ROCK_VOUCHER_9500,SEASHELLS,657.0,5
1792,104200,Camilla,Caesar,VOLCANIC_ROCK_VOUCHER_9500,SEASHELLS,656.0,16
1793,104200,Caesar,Caesar,VOLCANIC_ROCK_VOUCHER_9500,SEASHELLS,656.0,2
1823,105900,Camilla,Penelope,VOLCANIC_ROCK_VOUCHER_9500,SEASHELLS,657.0,16
1843,107000,Camilla,Penelope,VOLCANIC_ROCK_VOUCHER_9500,SEASHELLS,648.0,10
1863,108400,Camilla,Caesar,VOLCANIC_ROCK_VOUCHER_9500,SEASHELLS,638.0,16
1906,111000,Camilla,Penelope,VOLCANIC_ROCK_VOUCHER_9500,SEASHELLS,652.0,14
1949,113600,Caesar,Caesar,VOLCANIC_ROCK_VOUCHER_9500,SEASHELLS,655.0,2
1955,113900,Camilla,Pablo,VOLCANIC_ROCK_VOUCHER_9500,SEASHELLS,659.0,7
1974,114500,Camilla,Caesar,VOLCANIC_ROCK_VOUCHER_9500,SEASHELLS,655.0,11
1975,114500,Caesar,Caesar,VOLCANIC_ROCK_VOUCHER_9500,SEASHELLS,655.0,2
2016,116400,Camilla,Caesar,VOLCANIC_ROCK_VOUCHER_9500,SEASHELLS,652.0,19
2017,116400,Caesar,Caesar,VOLCANIC_ROCK_VOUCHER_9500,SEASHELLS,652.0,1
2077,121000,Penelope,Camilla,VOLCANIC_ROCK_VOUCHER_9500,SEASHELLS,650.0,16
2078,121000,Penelope,Caesar,VOLCANIC_ROCK_VOUCHER_9500,SEASHELLS,650.0,2
2090,121700,Camilla,Caesar,VOLCANIC_ROCK_VOUCHER_9500,SEASHELLS,645.0,11
2164,127200,Camilla,Caesar,VOLCANIC_ROCK_VOUCHER_9500,SEASHELLS,655.0,10
2197,128900,Camilla,Caesar,VOLCANIC_ROCK_VOUCHER_9500,SEASHELLS,653.0,12
2205,129100,Camilla,Pablo,VOLCANIC_ROCK_VOUCHER_9500,SEASHELLS,654.0,15
2230,130400,Camilla,Pablo,VOLCANIC_ROCK_VOUCHER_9500,SEASHELLS,654.0,12
2238,130500,Camilla,Pablo,VOLCANIC_ROCK_VOUCHER_9500,SEASHELLS,653.0,13
2257,131900,Camilla,Caesar,VOLCANIC_ROCK_VOUCHER_9500,SEASHELLS,650.0,11
2262,132000,Camilla,Pablo,VOLCANIC_ROCK_VOUCHER_9500,SEASHELLS,650.0,5
2285,133200,Caesar,Caesar,VOLCANIC_ROCK_VOUCHER_9500,SEASHELLS,652.0,1
2299,134200,Camilla,Caesar,VOLCANIC_ROCK_VOUCHER_9500,SEASHELLS,667.0,13
2300,134200,Caesar,Caesar,VOLCANIC_ROCK_VOUCHER_9500,SEASHELLS,667.0,2
2322,135000,Camilla,Pablo,VOLCANIC_ROCK_VOUCHER_9500,SEASHELLS,666.0,11
2389,139700,Camilla,Caesar,VOLCANIC_ROCK_VOUCHER_9500,SEASHELLS,669.0,12
2390,139700,Caesar,Caesar,VOLCANIC_ROCK_VOUCHER_9500,SEASHELLS,669.0,1
2399,140100,Camilla,Caesar,VOLCANIC_ROCK_VOUCHER_9500,SEASHELLS,669.0,10
2448,143100,Penelope,Camilla,VOLCANIC_ROCK_VOUCHER_9500,SEASHELLS,681.0,12
2456,143600,Camilla,Pablo,VOLCANIC_ROCK_VOUCHER_9500,SEASHELLS,681.0,5
2466,143900,Camilla,Caesar,VOLCANIC_ROCK_VOUCHER_9500,SEASHELLS,678.0,11
2477,144400,Camilla,Caesar,VOLCANIC_ROCK_VOUCHER_9500,SEASHELLS,671.0,14
2485,144800,Camilla,Caesar,VOLCANIC_ROCK_VOUCHER_9500,SEASHELLS,675.0,13
2503,145800,Penelope,Camilla,VOLCANIC_ROCK_VOUCHER_9500,SEASHELLS,679.0,15
2504,145800,Penelope,Caesar,VOLCANIC_ROCK_VOUCHER_9500,SEASHELLS,679.0,1
2514,145900,Camilla,Penelope,VOLCANIC_ROCK_VOUCHER_9500,SEASHELLS,676.0,12
2515,145900,Caesar,Penelope,VOLCANIC_ROCK_VOUCHER_9500,SEASHELLS,676.0,2
2523,146100,Penelope,Camilla,VOLCANIC_ROCK_VOUCHER_9500,SEASHELLS,679.0,10
2583,151400,Penelope,Camilla,VOLCANIC_ROCK_VOUCHER_9500,SEASHELLS,680.0,10
2584,151400,Penelope,Caesar,VOLCANIC_ROCK_VOUCHER_9500,SEASHELLS,680.0,1
2600,152800,Camilla,Penelope,VOLCANIC_ROCK_VOUCHER_9500,SEASHELLS,677.0,16
2619,153900,Camilla,Caesar,VOLCANIC_ROCK_VOUCHER_9500,SEASHELLS,681.0,12
2638,154800,Camilla,Pablo,VOLCANIC_ROCK_VOUCHER_9500,SEASHELLS,680.0,9
2650,155200,Camilla,Caesar,VOLCANIC_ROCK_VOUCHER_9500,SEASHELLS,682.0,13
2655,155300,Camilla,Caesar,VOLCANIC_ROCK_VOUCHER_9500,SEASHELLS,682.0,12
2664,156000,Camilla,Caesar,VOLCANIC_ROCK_VOUCHER_9500,SEASHELLS,686.0,19
2673,156200,Camilla,Pablo,VOLCANIC_ROCK_VOUCHER_9500,SEASHELLS,684.0,6
2685,156500,Camilla,Caesar,VOLCANIC_ROCK_VOUCHER_9500,SEASHELLS,684.0,11
2694,156900,Camilla,Caesar,VOLCANIC_ROCK_VOUCHER_9500,SEASHELLS,681.0,19
2765,161800,Camilla,Caesar,VOLCANIC_ROCK_VOUCHER_9500,SEASHELLS,698.0,16
2784,162300,Camilla,Caesar,VOLCANIC_ROCK_VOUCHER_9500,SEASHELLS,703.0,11
2785,162300,Caesar,Caesar,VOLCANIC_ROCK_VOUCHER_9500,SEASHELLS,703.0,2
2794,162600,Camilla,Caesar,VOLCANIC_ROCK_VOUCHER_9500,SEASHELLS,702.0,11
2847,165800,Camilla,Penelope,VOLCANIC_ROCK_VOUCHER_9500,SEASHELLS,688.0,11
2848,165800,Caesar,Penelope,VOLCANIC_ROCK_VOUCHER_9500,SEASHELLS,688.0,2
2876,167800,Camilla,Caesar,VOLCANIC_ROCK_VOUCHER_9500,SEASHELLS,686.0,17
2899,169300,Camilla,Caesar,VOLCANIC_ROCK_VOUCHER_9500,SEASHELLS,679.0,13
2940,172200,Camilla,Pablo,VOLCANIC_ROCK_VOUCHER_9500,SEASHELLS,661.0,13
2954,172500,Camilla,Pablo,VOLCANIC_ROCK_VOUCHER_9500,SEASHELLS,661.0,15
2967,172900,Camilla,Pablo,VOLCANIC_ROCK_VOUCHER_9500,SEASHELLS,661.0,12
2968,172900,Caesar,Pablo,VOLCANIC_ROCK_VOUCHER_9500,SEASHELLS,661.0,1
2982,173300,Camilla,Caesar,VOLCANIC_ROCK_VOUCHER_9500,SEASHELLS,664.0,11
2989,173500,Camilla,Pablo,VOLCANIC_ROCK_VOUCHER_9500,SEASHELLS,666.0,7
3029,176200,Camilla,Caesar,VOLCANIC_ROCK_VOUCHER_9500,SEASHELLS,661.0,12
3046,177800,Camilla,Penelope,VOLCANIC_ROCK_VOUCHER_9500,SEASHELLS,658.0,15
3056,178300,Camilla,Pablo,VOLCANIC_ROCK_VOUCHER_9500,SEASHELLS,653.0,10
3061,178400,Camilla,Caesar,VOLCANIC_ROCK_VOUCHER_9500,SEASHELLS,653.0,14
3081,179300,Camilla,Caesar,VOLCANIC_ROCK_VOUCHER_9500,SEASHELLS,652.0,15
3082,179300,Caesar,Caesar,VOLCANIC_ROCK_VOUCHER_9500,SEASHELLS,652.0,2
3098,179900,Camilla,Penelope,VOLCANIC_ROCK_VOUCHER_9500,SEASHELLS,644.0,10
3115,180800,Camilla,Caesar,VOLCANIC_ROCK_VOUCHER_9500,SEASHELLS,637.0,10
3123,180900,Camilla,Pablo,VOLCANIC_ROCK_VOUCHER_9500,SEASHELLS,639.0,6
3138,182100,Camilla,Pablo,VOLCANIC_ROCK_VOUCHER_9500,SEASHELLS,643.0,9
3164,183500,Camilla,Caesar,VOLCANIC_ROCK_VOUCHER_9500,SEASHELLS,646.0,14
3185,184100,Camilla,Caesar,VOLCANIC_ROCK_VOUCHER_9500,SEASHELLS,643.0,16
3220,186500,Camilla,Caesar,VOLCANIC_ROCK_VOUCHER_9500,SEASHELLS,635.0,13
3237,187500,Camilla,Caesar,VOLCANIC_ROCK_VOUCHER_9500,SEASHELLS,632.0,16
3255,188400,Camilla,Caesar,VOLCANIC_ROCK_VOUCHER_9500,SEASHELLS,636.0,18
3256,188400,Caesar,Caesar,VOLCANIC_ROCK_VOUCHER_9500,SEASHELLS,636.0,2
3276,189200,Camilla,Caesar,VOLCANIC_ROCK_VOUCHER_9500,SEASHELLS,636.0,16
3277,189200,Caesar,Caesar,VOLCANIC_ROCK_VOUCHER_9500,SEASHELLS,636.0,1
3315,191100,Camilla,Caesar,VOLCANIC_ROCK_VOUCHER_9500,SEASHELLS,632.0,18
3316,191100,Caesar,Caesar,VOLCANIC_ROCK_VOUCHER_9500,SEASHELLS,632.0,2
3324,191200,Camilla,Caesar,VOLCANIC_ROCK_VOUCHER_9500,SEASHELLS,632.0,16
3346,192400,Camilla,Penelope,VOLCANIC_ROCK_VOUCHER_9500,SEASHELLS,625.0,16
3347,192400,Caesar,Penelope,VOLCANIC_ROCK_VOUCHER_9500,SEASHELLS,625.0,1
3360,192900,Camilla,Penelope,VOLCANIC_ROCK_VOUCHER_9500,SEASHELLS,634.0,10
3370,193000,Camilla,Caesar,VOLCANIC_ROCK_VOUCHER_9500,SEASHELLS,633.0,19
3380,193600,Penelope,Camilla,VOLCANIC_ROCK_VOUCHER_9500,SEASHELLS,634.0,14
3417,195900,Camilla,Caesar,VOLCANIC_ROCK_VOUCHER_9500,SEASHELLS,635.0,10
3418,195900,Caesar,Caesar,VOLCANIC_ROCK_VOUCHER_9500,SEASHELLS,635.0,2
3436,196500,Penelope,Camilla,VOLCANIC_ROCK_VOUCHER_9500,SEASHELLS,637.0,12
3447,197300,Camilla,Caesar,VOLCANIC_ROCK_VOUCHER_9500,SEASHELLS,641.0,17
3454,197800,Camilla,Caesar,VOLCANIC_ROCK_VOUCHER_9500,SEASHELLS,643.0,10
3488,200300,Camilla,Caesar,VOLCANIC_ROCK_VOUCHER_9500,SEASHELLS,637.0,11
3503,201200,Camilla,Penelope,VOLCANIC_ROCK_VOUCHER_9500,SEASHELLS,648.0,17
3512,201400,Camilla,Caesar,VOLCANIC_ROCK_VOUCHER_9500,SEASHELLS,649.0,17
3546,202600,Camilla,Caesar,VOLCANIC_ROCK_VOUCHER_9500,SEASHELLS,647.0,12
3547,202600,Caesar,Caesar,VOLCANIC_ROCK_VOUCHER_9500,SEASHELLS,647.0,2
3559,203000,Camilla,Penelope,VOLCANIC_ROCK_VOUCHER_9500,SEASHELLS,648.0,17
3560,203000,Caesar,Penelope,VOLCANIC_ROCK_VOUCHER_9500,SEASHELLS,648.0,2
3584,204900,Penelope,Camilla,VOLCANIC_ROCK_VOUCHER_9500,SEASHELLS,642.0,10
3604,205900,Camilla,Caesar,VOLCANIC_ROCK_VOUCHER_9500,SEASHELLS,645.0,15
3613,206200,Camilla,Penelope,VOLCANIC_ROCK_VOUCHER_9500,SEASHELLS,653.0,10
3621,206500,Camilla,Caesar,VOLCANIC_ROCK_VOUCHER_9500,SEASHELLS,658.0,16
3653,208200,Camilla,Caesar,VOLCANIC_ROCK_VOUCHER_9500,SEASHELLS,657.0,19
3663,208600,Camilla,Pablo,VOLCANIC_ROCK_VOUCHER_9500,SEASHELLS,658.0,13
3673,209100,Camilla,Pablo,VOLCANIC_ROCK_VOUCHER_9500,SEASHELLS,654.0,7
3689,209600,Penelope,Camilla,VOLCANIC_ROCK_VOUCHER_9500,SEASHELLS,650.0,10
3700,209900,Camilla,Penelope,VOLCANIC_ROCK_VOUCHER_9500,SEASHELLS,650.0,13
3701,209900,Caesar,Penelope,VOLCANIC_ROCK_VOUCHER_9500,SEASHELLS,650.0,2
3736,211800,Camilla,Caesar,VOLCANIC_ROCK_VOUCHER_9500,SEASHELLS,642.0,10
3764,212900,Camilla,Caesar,VOLCANIC_ROCK_VOUCHER_9500,SEASHELLS,651.0,12
3778,213200,Camilla,Caesar,VOLCANIC_ROCK_VOUCHER_9500,SEASHELLS,649.0,12
3779,213200,Caesar,Caesar,VOLCANIC_ROCK_VOUCHER_9500,SEASHELLS,649.0,1
3794,213700,Camilla,Penelope,VOLCANIC_ROCK_VOUCHER_9500,SEASHELLS,647.0,11
3795,213700,Caesar,Penelope,VOLCANIC_ROCK_VOUCHER_9500,SEASHELLS,647.0,1
3806,214200,Camilla,Caesar,VOLCANIC_ROCK_VOUCHER_9500,SEASHELLS,656.0,15
3812,214600,Camilla,Penelope,VOLCANIC_ROCK_VOUCHER_9500,SEASHELLS,654.0,20
3846,217100,Camilla,Caesar,VOLCANIC_ROCK_VOUCHER_9500,SEASHELLS,645.0,14
3861,217700,Camilla,Pablo,VOLCANIC_ROCK_VOUCHER_9500,SEASHELLS,641.0,13
3878,218700,Camilla,Caesar,VOLCANIC_ROCK_VOUCHER_9500,SEASHELLS,635.0,10
3879,218700,Caesar,Caesar,VOLCANIC_ROCK_VOUCHER_9500,SEASHELLS,635.0,1
3888,218800,Camilla,Caesar,VOLCANIC_ROCK_VOUCHER_9500,SEASHELLS,635.0,12
3889,218800,Caesar,Caesar,VOLCANIC_ROCK_VOUCHER_9500,SEASHELLS,635.0,2
3911,219700,Camilla,Caesar,VOLCANIC_ROCK_VOUCHER_9500,SEASHELLS,645.0,14
3929,220900,Camilla,Caesar,VOLCANIC_ROCK_VOUCHER_9500,SEASHELLS,652.0,12
3930,220900,Caesar,Caesar,VOLCANIC_ROCK_VOUCHER_9500,SEASHELLS,652.0,2
3939,221100,Penelope,Camilla,VOLCANIC_ROCK_VOUCHER_9500,SEASHELLS,653.0,18
3940,221100,Penelope,Caesar,VOLCANIC_ROCK_VOUCHER_9500,SEASHELLS,653.0,1
3958,222300,Penelope,Camilla,VOLCANIC_ROCK_VOUCHER_9500,SEASHELLS,662.0,20
3978,223300,Camilla,Penelope,VOLCANIC_ROCK_VOUCHER_9500,SEASHELLS,659.0,11
4001,224100,Camilla,Caesar,VOLCANIC_ROCK_VOUCHER_9500,SEASHELLS,653.0,20
4006,224200,Camilla,Pablo,VOLCANIC_ROCK_VOUCHER_9500,SEASHELLS,653.0,14
4017,224900,Camilla,Penelope,VOLCANIC_ROCK_VOUCHER_9500,SEASHELLS,656.0,15
4018,224900,Caesar,Penelope,VOLCANIC_ROCK_VOUCHER_9500,SEASHELLS,656.0,1
4029,225200,Camilla,Caesar,VOLCANIC_ROCK_VOUCHER_9500,SEASHELLS,655.0,12
4035,225600,Camilla,Penelope,VOLCANIC_ROCK_VOUCHER_9500,SEASHELLS,650.0,10
4064,228000,Camilla,Pablo,VOLCANIC_ROCK_VOUCHER_9500,SEASHELLS,652.0,7
4073,228500,Camilla,Caesar,VOLCANIC_ROCK_VOUCHER_9500,SEASHELLS,649.0,17
4097,229700,Camilla,Caesar,VOLCANIC_ROCK_VOUCHER_9500,SEASHELLS,644.0,14
4098,229700,Caesar,Caesar,VOLCANIC_ROCK_VOUCHER_9500,SEASHELLS,644.0,1
4121,231400,Camilla,Penelope,VOLCANIC_ROCK_VOUCHER_9500,SEASHELLS,640.0,11
4122,231400,Caesar,Penelope,VOLCANIC_ROCK_VOUCHER_9500,SEASHELLS,640.0,1
4130,231600,Camilla,Pablo,VOLCANIC_ROCK_VOUCHER_9500,SEASHELLS,642.0,14
4180,234800,Camilla,Caesar,VOLCANIC_ROCK_VOUCHER_9500,SEASHELLS,638.0,19
4184,234900,Camilla,Penelope,VOLCANIC_ROCK_VOUCHER_9500,SEASHELLS,639.0,15
4198,236000,Camilla,Caesar,VOLCANIC_ROCK_VOUCHER_9500,SEASHELLS,640.0,11
4215,236800,Camilla,Caesar,VOLCANIC_ROCK_VOUCHER_9500,SEASHELLS,636.0,17
4229,237400,Camilla,Penelope,VOLCANIC_ROCK_VOUCHER_9500,SEASHELLS,633.0,11
4230,237400,Caesar,Penelope,VOLCANIC_ROCK_VOUCHER_9500,SEASHELLS,633.0,2
4231,237400,Caesar,Penelope,VOLCANIC_ROCK_VOUCHER_9500,SEASHELLS,633.0,6
4242,237800,Camilla,Caesar,VOLCANIC_ROCK_VOUCHER_9500,SEASHELLS,636.0,13
4263,239000,Camilla,Caesar,VOLCANIC_ROCK_VOUCHER_9500,SEASHELLS,631.0,10
4271,239300,Camilla,Caesar,VOLCANIC_ROCK_VOUCHER_9500,SEASHELLS,630.0,11
4272,239300,Caesar,Caesar,VOLCANIC_ROCK_VOUCHER_9500,SEASHELLS,630.0,1
4279,239400,Camilla,Caesar,VOLCANIC_ROCK_VOUCHER_9500,SEASHELLS,631.0,14
4280,239400,Caesar,Caesar,VOLCANIC_ROCK_VOUCHER_9500,SEASHELLS,631.0,1
4289,239900,Penelope,Camilla,VOLCANIC_ROCK_VOUCHER_9500,SEASHELLS,633.0,13
4290,239900,Penelope,Caesar,VOLCANIC_ROCK_VOUCHER_9500,SEASHELLS,633.0,1
4318,240800,Camilla,Caesar,VOLCANIC_ROCK_VOUCHER_9500,SEASHELLS,626.0,12
4319,240800,Caesar,Caesar,VOLCANIC_ROCK_VOUCHER_9500,SEASHELLS,626.0,1
4341,242000,Camilla,Caesar,VOLCANIC_ROCK_VOUCHER_9500,SEASHELLS,621.0,14
4368,243600,Camilla,Caesar,VOLCANIC_ROCK_VOUCHER_9500,SEASHELLS,612.0,10
4384,244200,Camilla,Caesar,VOLCANIC_ROCK_VOUCHER_9500,SEASHELLS,611.0,15
4397,245000,Camilla,Caesar,VOLCANIC_ROCK_VOUCHER_9500,SEASHELLS,611.0,17
4418,246200,Camilla,Caesar,VOLCANIC_ROCK_VOUCHER_9500,SEASHELLS,616.0,10
4419,246200,Caesar,Caesar,VOLCANIC_ROCK_VOUCHER_9500,SEASHELLS,616.0,2
4426,246300,Camilla,Caesar,VOLCANIC_ROCK_VOUCHER_9500,SEASHELLS,616.0,12
4445,247900,Camilla,Penelope,VOLCANIC_ROCK_VOUCHER_9500,SEASHELLS,630.0,14
4459,248800,Camilla,Caesar,VOLCANIC_ROCK_VOUCHER_9500,SEASHELLS,640.0,15
4466,249100,Camilla,Caesar,VOLCANIC_ROCK_VOUCHER_9500,SEASHELLS,645.0,15
4500,250300,Camilla,Caesar,VOLCANIC_ROCK_VOUCHER_9500,SEASHELLS,630.0,16
4511,250800,Camilla,Caesar,VOLCANIC_ROCK_VOUCHER_9500,SEASHELLS,632.0,15
4518,251200,Penelope,Camilla,VOLCANIC_ROCK_VOUCHER_9500,SEASHELLS,627.0,12
4547,252600,Camilla,Caesar,VOLCANIC_ROCK_VOUCHER_9500,SEASHELLS,635.0,14
4553,252700,Camilla,Caesar,VOLCANIC_ROCK_VOUCHER_9500,SEASHELLS,633.0,14
4604,255800,Camilla,Caesar,VOLCANIC_ROCK_VOUCHER_9500,SEASHELLS,649.0,10
4613,256800,Camilla,Caesar,VOLCANIC_ROCK_VOUCHER_9500,SEASHELLS,640.0,15
4632,257800,Camilla,Caesar,VOLCANIC_ROCK_VOUCHER_9500,SEASHELLS,640.0,17
4640,258000,Camilla,Pablo,VOLCANIC_ROCK_VOUCHER_9500,SEASHELLS,642.0,8
4652,258600,Camilla,Caesar,VOLCANIC_ROCK_VOUCHER_9500,SEASHELLS,637.0,16
4682,260400,Camilla,Caesar,VOLCANIC_ROCK_VOUCHER_9500,SEASHELLS,632.0,14
4683,260400,Caesar,Caesar,VOLCANIC_ROCK_VOUCHER_9500,SEASHELLS,632.0,2
4704,261100,Camilla,Penelope,VOLCANIC_ROCK_VOUCHER_9500,SEASHELLS,632.0,12
4722,262000,Penelope,Camilla,VOLCANIC_ROCK_VOUCHER_9500,SEASHELLS,626.0,11
4723,262000,Penelope,Caesar,VOLCANIC_ROCK_VOUCHER_9500,SEASHELLS,626.0,1
4735,262300,Camilla,Penelope,VOLCANIC_ROCK_VOUCHER_9500,SEASHELLS,623.0,15
4758,263800,Camilla,Pablo,VOLCANIC_ROCK_VOUCHER_9500,SEASHELLS,619.0,8
4783,265300,Camilla,Caesar,VOLCANIC_ROCK_VOUCHER_9500,SEASHELLS,599.0,19
4784,265300,Penelope,Camilla,VOLCANIC_ROCK_VOUCHER_9500,SEASHELLS,600.0,20
4792,265700,Camilla,Caesar,VOLCANIC_ROCK_VOUCHER_9500,SEASHELLS,600.0,14
4806,266100,Camilla,Caesar,VOLCANIC_ROCK_VOUCHER_9500,SEASHELLS,600.0,11
4817,266500,Camilla,Pablo,VOLCANIC_ROCK_VOUCHER_9500,SEASHELLS,602.0,11
4830,267100,Camilla,Caesar,VOLCANIC_ROCK_VOUCHER_9500,SEASHELLS,611.0,10
4831,267100,Caesar,Caesar,VOLCANIC_ROCK_VOUCHER_9500,SEASHELLS,611.0,2
4850,267800,Camilla,Caesar,VOLCANIC_ROCK_VOUCHER_9500,SEASHELLS,608.0,15
4851,267800,Caesar,Caesar,VOLCANIC_ROCK_VOUCHER_9500,SEASHELLS,608.0,2
4862,268200,Camilla,Pablo,VOLCANIC_ROCK_VOUCHER_9500,SEASHELLS,611.0,11
4863,268200,Caesar,Pablo,VOLCANIC_ROCK_VOUCHER_9500,SEASHELLS,611.0,1
4886,269100,Camilla,Caesar,VOLCANIC_ROCK_VOUCHER_9500,SEASHELLS,610.0,12
4887,269100,Caesar,Caesar,VOLCANIC_ROCK_VOUCHER_9500,SEASHELLS,610.0,1
4924,271300,Camilla,Penelope,VOLCANIC_ROCK_VOUCHER_9500,SEASHELLS,600.0,13
4925,271300,Caesar,Penelope,VOLCANIC_ROCK_VOUCHER_9500,SEASHELLS,600.0,1
4972,274000,Camilla,Caesar,VOLCANIC_ROCK_VOUCHER_9500,SEASHELLS,606.0,10
4977,274100,Camilla,Pablo,VOLCANIC_ROCK_VOUCHER_9500,SEASHELLS,603.0,12
4981,274200,Camilla,Penelope,VOLCANIC_ROCK_VOUCHER_9500,SEASHELLS,600.0,17
4982,274200,Caesar,Penelope,VOLCANIC_ROCK_VOUCHER_9500,SEASHELLS,600.0,1
4996,275000,Camilla,Penelope,VOLCANIC_ROCK_VOUCHER_9500,SEASHELLS,600.0,10
5027,276700,Camilla,Caesar,VOLCANIC_ROCK_VOUCHER_9500,SEASHELLS,557.0,15
5043,277800,Camilla,Caesar,VOLCANIC_ROCK_VOUCHER_9500,SEASHELLS,559.0,16
5062,278700,Camilla,Caesar,VOLCANIC_ROCK_VOUCHER_9500,SEASHELLS,562.0,14
5063,278700,Penelope,Camilla,VOLCANIC_ROCK_VOUCHER_9500,SEASHELLS,563.0,18
5088,280300,Camilla,Pablo,VOLCANIC_ROCK_VOUCHER_9500,SEASHELLS,562.0,8
5093,280400,Camilla,Caesar,VOLCANIC_ROCK_VOUCHER_9500,SEASHELLS,562.0,12
5126,282900,Camilla,Penelope,VOLCANIC_ROCK_VOUCHER_9500,SEASHELLS,600.0,11
5127,282900,Caesar,Penelope,VOLCANIC_ROCK_VOUCHER_9500,SEASHELLS,600.0,1
5159,284800,Camilla,Caesar,VOLCANIC_ROCK_VOUCHER_9500,SEASHELLS,593.0,12
5160,284800,Penelope,Camilla,VOLCANIC_ROCK_VOUCHER_9500,SEASHELLS,594.0,13
5165,284900,Camilla,Penelope,VOLCANIC_ROCK_VOUCHER_9500,SEASHELLS,592.0,15
5166,284900,Caesar,Penelope,VOLCANIC_ROCK_VOUCHER_9500,SEASHELLS,592.0,1
5185,286100,Camilla,Penelope,VOLCANIC_ROCK_VOUCHER_9500,SEASHELLS,591.0,15
5242,290300,Camilla,Penelope,VOLCANIC_ROCK_VOUCHER_9500,SEASHELLS,614.0,13
5261,291700,Penelope,Camilla,VOLCANIC_ROCK_VOUCHER_9500,SEASHELLS,620.0,15
5284,293300,Penelope,Camilla,VOLCANIC_ROCK_VOUCHER_9500,SEASHELLS,614.0,14
5285,293300,Penelope,Caesar,VOLCANIC_ROCK_VOUCHER_9500,SEASHELLS,614.0,2
5296,293800,Camilla,Caesar,VOLCANIC_ROCK_VOUCHER_9500,SEASHELLS,620.0,10
5302,294000,Camilla,Caesar,VOLCANIC_ROCK_VOUCHER_9500,SEASHELLS,624.0,16
5328,295100,Camilla,Caesar,VOLCANIC_ROCK_VOUCHER_9500,SEASHELLS,614.0,12
5329,295100,Caesar,Caesar,VOLCANIC_ROCK_VOUCHER_9500,SEASHELLS,614.0,1
5337,295200,Camilla,Penelope,VOLCANIC_ROCK_VOUCHER_9500,SEASHELLS,609.0,15
5369,296900,Camilla,Caesar,VOLCANIC_ROCK_VOUCHER_9500,SEASHELLS,623.0,10
5381,297400,Camilla,Penelope,VOLCANIC_ROCK_VOUCHER_9500,SEASHELLS,620.0,16
5392,298500,Penelope,Camilla,VOLCANIC_ROCK_VOUCHER_9500,SEASHELLS,624.0,13
5411,299200,Camilla,Penelope,VOLCANIC_ROCK_VOUCHER_9500,SEASHELLS,633.0,10
5412,299200,Caesar,Penelope,VOLCANIC_ROCK_VOUCHER_9500,SEASHELLS,633.0,2
5421,299500,Camilla,Caesar,VOLCANIC_ROCK_VOUCHER_9500,SEASHELLS,635.0,16
5433,299900,Camilla,Caesar,VOLCANIC_ROCK_VOUCHER_9500,SEASHELLS,636.0,19
5470,301900,Penelope,Camilla,VOLCANIC_ROCK_VOUCHER_9500,SEASHELLS,655.0,16
5491,303500,Camilla,Caesar,VOLCANIC_ROCK_VOUCHER_9500,SEASHELLS,648.0,11
5518,305100,Camilla,Penelope,VOLCANIC_ROCK_VOUCHER_9500,SEASHELLS,640.0,19
5526,305200,Camilla,Pablo,VOLCANIC_ROCK_VOUCHER_9500,SEASHELLS,642.0,8
5538,305400,Camilla,Caesar,VOLCANIC_ROCK_VOUCHER_9500,SEASHELLS,645.0,16
5539,305400,Caesar,Caesar,VOLCANIC_ROCK_VOUCHER_9500,SEASHELLS,645.0,1
5571,307100,Camilla,Pablo,VOLCANIC_ROCK_VOUCHER_9500,SEASHELLS,635.0,9
5586,307800,Camilla,Caesar,VOLCANIC_ROCK_VOUCHER_9500,SEASHELLS,635.0,18
5596,308000,Camilla,Caesar,VOLCANIC_ROCK_VOUCHER_9500,SEASHELLS,633.0,15
5597,308000,Caesar,Caesar,VOLCANIC_ROCK_VOUCHER_9500,SEASHELLS,633.0,1
5603,308200,Camilla,Pablo,VOLCANIC_ROCK_VOUCHER_9500,SEASHELLS,636.0,14
5635,309400,Camilla,Caesar,VOLCANIC_ROCK_VOUCHER_9500,SEASHELLS,636.0,19
5636,309400,Caesar,Caesar,VOLCANIC_ROCK_VOUCHER_9500,SEASHELLS,636.0,1
5643,309600,Camilla,Caesar,VOLCANIC_ROCK_VOUCHER_9500,SEASHELLS,641.0,10
5651,309900,Camilla,Pablo,VOLCANIC_ROCK_VOUCHER_9500,SEASHELLS,640.0,14
5689,313200,Camilla,Caesar,VOLCANIC_ROCK_VOUCHER_9500,SEASHELLS,611.0,20
5707,314600,Penelope,Camilla,VOLCANIC_ROCK_VOUCHER_9500,SEASHELLS,614.0,17
5713,314700,Camilla,Caesar,VOLCANIC_ROCK_VOUCHER_9500,SEASHELLS,617.0,12
5721,315000,Camilla,Penelope,VOLCANIC_ROCK_VOUCHER_9500,SEASHELLS,619.0,10
5730,315300,Camilla,Caesar,VOLCANIC_ROCK_VOUCHER_9500,SEASHELLS,621.0,12
5744,315700,Camilla,Caesar,VOLCANIC_ROCK_VOUCHER_9500,SEASHELLS,616.0,14
5754,316300,Penelope,Camilla,VOLCANIC_ROCK_VOUCHER_9500,SEASHELLS,618.0,12
5755,316300,Penelope,Caesar,VOLCANIC_ROCK_VOUCHER_9500,SEASHELLS,618.0,2
5775,317100,Camilla,Caesar,VOLCANIC_ROCK_VOUCHER_9500,SEASHELLS,614.0,15
5776,317100,Caesar,Caesar,VOLCANIC_ROCK_VOUCHER_9500,SEASHELLS,614.0,2
5783,317200,Camilla,Caesar,VOLCANIC_ROCK_VOUCHER_9500,SEASHELLS,614.0,11
5802,317500,Caesar,Caesar,VOLCANIC_ROCK_VOUCHER_9500,SEASHELLS,618.0,2
5848,320200,Camilla,Caesar,VOLCANIC_ROCK_VOUCHER_9500,SEASHELLS,615.0,10
5849,320200,Caesar,Caesar,VOLCANIC_ROCK_VOUCHER_9500,SEASHELLS,615.0,2
5857,320500,Camilla,Caesar,VOLCANIC_ROCK_VOUCHER_9500,SEASHELLS,619.0,10
5874,321000,Camilla,Caesar,VOLCANIC_ROCK_VOUCHER_9500,SEASHELLS,623.0,17
5879,321100,Camilla,Pablo,VOLCANIC_ROCK_VOUCHER_9500,SEASHELLS,625.0,9
5890,321800,Camilla,Caesar,VOLCANIC_ROCK_VOUCHER_9500,SEASHELLS,624.0,12
5897,322000,Camilla,Pablo,VOLCANIC_ROCK_VOUCHER_9500,SEASHELLS,625.0,9
5912,322500,Camilla,Caesar,VOLCANIC_ROCK_VOUCHER_9500,SEASHELLS,613.0,18
5913,322500,Caesar,Caesar,VOLCANIC_ROCK_VOUCHER_9500,SEASHELLS,613.0,1
5934,323800,Penelope,Camilla,VOLCANIC_ROCK_VOUCHER_9500,SEASHELLS,613.0,16
5982,326900,Camilla,Caesar,VOLCANIC_ROCK_VOUCHER_9500,SEASHELLS,586.0,12
6016,329000,Camilla,Caesar,VOLCANIC_ROCK_VOUCHER_9500,SEASHELLS,587.0,19
6017,329000,Caesar,Caesar,VOLCANIC_ROCK_VOUCHER_9500,SEASHELLS,587.0,1
6063,331200,Camilla,Pablo,VOLCANIC_ROCK_VOUCHER_9500,SEASHELLS,572.0,14
6075,331500,Camilla,Caesar,VOLCANIC_ROCK_VOUCHER_9500,SEASHELLS,569.0,13
6091,332100,Camilla,Caesar,VOLCANIC_ROCK_VOUCHER_9500,SEASHELLS,574.0,10
6098,332500,Camilla,Caesar,VOLCANIC_ROCK_VOUCHER_9500,SEASHELLS,584.0,12
6109,332700,Penelope,Camilla,VOLCANIC_ROCK_VOUCHER_9500,SEASHELLS,589.0,15
6110,332700,Penelope,Caesar,VOLCANIC_ROCK_VOUCHER_9500,SEASHELLS,589.0,2
6123,333700,Camilla,Caesar,VOLCANIC_ROCK_VOUCHER_9500,SEASHELLS,593.0,16
6159,335200,Camilla,Caesar,VOLCANIC_ROCK_VOUCHER_9500,SEASHELLS,592.0,14
6160,335200,Caesar,Caesar,VOLCANIC_ROCK_VOUCHER_9500,SEASHELLS,592.0,2
6207,338100,Camilla,Caesar,VOLCANIC_ROCK_VOUCHER_9500,SEASHELLS,599.0,10
6208,338100,Caesar,Caesar,VOLCANIC_ROCK_VOUCHER_9500,SEASHELLS,599.0,1
6232,340100,Penelope,Camilla,VOLCANIC_ROCK_VOUCHER_9500,SEASHELLS,598.0,11
6248,341500,Camilla,Penelope,VOLCANIC_ROCK_VOUCHER_9500,SEASHELLS,606.0,10
6257,342100,Camilla,Caesar,VOLCANIC_ROCK_VOUCHER_9500,SEASHELLS,603.0,13
6282,343500,Camilla,Caesar,VOLCANIC_ROCK_VOUCHER_9500,SEASHELLS,601.0,10
6288,343600,Penelope,Camilla,VOLCANIC_ROCK_VOUCHER_9500,SEASHELLS,601.0,19
6296,343800,Camilla,Pablo,VOLCANIC_ROCK_VOUCHER_9500,SEASHELLS,601.0,15
6318,345500,Camilla,Caesar,VOLCANIC_ROCK_VOUCHER_9500,SEASHELLS,602.0,14
6330,345700,Camilla,Caesar,VOLCANIC_ROCK_VOUCHER_9500,SEASHELLS,608.0,19
6331,345700,Caesar,Caesar,VOLCANIC_ROCK_VOUCHER_9500,SEASHELLS,608.0,1
6364,347700,Camilla,Caesar,VOLCANIC_ROCK_VOUCHER_9500,SEASHELLS,604.0,10
6373,348200,Camilla,Caesar,VOLCANIC_ROCK_VOUCHER_9500,SEASHELLS,611.0,13
6395,349400,Camilla,Caesar,VOLCANIC_ROCK_VOUCHER_9500,SEASHELLS,599.0,16
6404,349700,Camilla,Penelope,VOLCANIC_ROCK_VOUCHER_9500,SEASHELLS,606.0,10
6413,349900,Camilla,Caesar,VOLCANIC_ROCK_VOUCHER_9500,SEASHELLS,606.0,18
6414,349900,Caesar,Caesar,VOLCANIC_ROCK_VOUCHER_9500,SEASHELLS,606.0,1
6421,350000,Camilla,Caesar,VOLCANIC_ROCK_VOUCHER_9500,SEASHELLS,605.0,11
6440,350800,Camilla,Pablo,VOLCANIC_ROCK_VOUCHER_9500,SEASHELLS,607.0,14
6441,350800,Caesar,Pablo,VOLCANIC_ROCK_VOUCHER_9500,SEASHELLS,607.0,1
6484,353400,Penelope,Camilla,VOLCANIC_ROCK_VOUCHER_9500,SEASHELLS,601.0,17
6485,353400,Penelope,Caesar,VOLCANIC_ROCK_VOUCHER_9500,SEASHELLS,601.0,2
6497,353800,Camilla,Caesar,VOLCANIC_ROCK_VOUCHER_9500,SEASHELLS,607.0,11
6498,353800,Caesar,Caesar,VOLCANIC_ROCK_VOUCHER_9500,SEASHELLS,607.0,1
6512,354000,Camilla,Caesar,VOLCANIC_ROCK_VOUCHER_9500,SEASHELLS,606.0,10
6513,354000,Caesar,Caesar,VOLCANIC_ROCK_VOUCHER_9500,SEASHELLS,606.0,1
6529,354200,Camilla,Pablo,VOLCANIC_ROCK_VOUCHER_9500,SEASHELLS,606.0,13
6561,355500,Camilla,Caesar,VOLCANIC_ROCK_VOUCHER_9500,SEASHELLS,608.0,17
6562,355500,Caesar,Caesar,VOLCANIC_ROCK_VOUCHER_9500,SEASHELLS,608.0,1
6573,355800,Camilla,Pablo,VOLCANIC_ROCK_VOUCHER_9500,SEASHELLS,612.0,9
6586,356500,Camilla,Caesar,VOLCANIC_ROCK_VOUCHER_9500,SEASHELLS,613.0,10
6599,356900,Camilla,Caesar,VOLCANIC_ROCK_VOUCHER_9500,SEASHELLS,613.0,14
6606,357200,Camilla,Caesar,VOLCANIC_ROCK_VOUCHER_9500,SEASHELLS,613.0,11
6630,358500,Camilla,Pablo,VOLCANIC_ROCK_VOUCHER_9500,SEASHELLS,598.0,12
6636,358600,Camilla,Pablo,VOLCANIC_ROCK_VOUCHER_9500,SEASHELLS,597.0,13
6669,359600,Penelope,Camilla,VOLCANIC_ROCK_VOUCHER_9500,SEASHELLS,595.0,10
6670,359600,Penelope,Caesar,VOLCANIC_ROCK_VOUCHER_9500,SEASHELLS,595.0,1
6686,360500,Camilla,Caesar,VOLCANIC_ROCK_VOUCHER_9500,SEASHELLS,585.0,10
6716,362500,Camilla,Caesar,VOLCANIC_ROCK_VOUCHER_9500,SEASHELLS,583.0,12
6717,362500,Caesar,Caesar,VOLCANIC_ROCK_VOUCHER_9500,SEASHELLS,583.0,2
6734,362900,Penelope,Camilla,VOLCANIC_ROCK_VOUCHER_9500,SEASHELLS,579.0,10
6735,362900,Penelope,Caesar,VOLCANIC_ROCK_VOUCHER_9500,SEASHELLS,579.0,1
6750,363300,Camilla,Caesar,VOLCANIC_ROCK_VOUCHER_9500,SEASHELLS,578.0,12
6753,363500,Camilla,Penelope,VOLCANIC_ROCK_VOUCHER_9500,SEASHELLS,572.0,12
6768,364100,Camilla,Penelope,VOLCANIC_ROCK_VOUCHER_9500,SEASHELLS,574.0,11
6769,364100,Caesar,Penelope,VOLCANIC_ROCK_VOUCHER_9500,SEASHELLS,574.0,1
6815,366200,Camilla,Penelope,VOLCANIC_ROCK_VOUCHER_9500,SEASHELLS,566.0,11
6864,368200,Camilla,Caesar,VOLCANIC_ROCK_VOUCHER_9500,SEASHELLS,564.0,12
6906,370800,Camilla,Caesar,VOLCANIC_ROCK_VOUCHER_9500,SEASHELLS,580.0,11
6924,371700,Camilla,Caesar,VOLCANIC_ROCK_VOUCHER_9500,SEASHELLS,578.0,19
6925,371700,Caesar,Caesar,VOLCANIC_ROCK_VOUCHER_9500,SEASHELLS,578.0,1
6935,372200,Camilla,Penelope,VOLCANIC_ROCK_VOUCHER_9500,SEASHELLS,581.0,11
6936,372200,Caesar,Penelope,VOLCANIC_ROCK_VOUCHER_9500,SEASHELLS,581.0,2
6942,372300,Camilla,Caesar,VOLCANIC_ROCK_VOUCHER_9500,SEASHELLS,582.0,17
6950,372700,Camilla,Caesar,VOLCANIC_ROCK_VOUCHER_9500,SEASHELLS,579.0,10
6974,373800,Camilla,Caesar,VOLCANIC_ROCK_VOUCHER_9500,SEASHELLS,588.0,17
6994,375100,Camilla,Caesar,VOLCANIC_ROCK_VOUCHER_9500,SEASHELLS,581.0,11
7024,377000,Penelope,Camilla,VOLCANIC_ROCK_VOUCHER_9500,SEASHELLS,587.0,15
7036,377400,Camilla,Caesar,VOLCANIC_ROCK_VOUCHER_9500,SEASHELLS,587.0,16
7037,377400,Caesar,Caesar,VOLCANIC_ROCK_VOUCHER_9500,SEASHELLS,587.0,1
7043,377600,Camilla,Caesar,VOLCANIC_ROCK_VOUCHER_9500,SEASHELLS,590.0,13
7072,379100,Camilla,Caesar,VOLCANIC_ROCK_VOUCHER_9500,SEASHELLS,574.0,13
7073,379100,Caesar,Caesar,VOLCANIC_ROCK_VOUCHER_9500,SEASHELLS,574.0,1
7099,381000,Camilla,Caesar,VOLCANIC_ROCK_VOUCHER_9500,SEASHELLS,575.0,18
7100,381000,Caesar,Caesar,VOLCANIC_ROCK_VOUCHER_9500,SEASHELLS,575.0,1
7130,382900,Camilla,Caesar,VOLCANIC_ROCK_VOUCHER_9500,SEASHELLS,571.0,13
7143,383400,Penelope,Camilla,VOLCANIC_ROCK_VOUCHER_9500,SEASHELLS,576.0,13
7156,383800,Camilla,Caesar,VOLCANIC_ROCK_VOUCHER_9500,SEASHELLS,580.0,17
7161,384300,Camilla,Penelope,VOLCANIC_ROCK_VOUCHER_9500,SEASHELLS,573.0,15
7162,384300,Caesar,Penelope,VOLCANIC_ROCK_VOUCHER_9500,SEASHELLS,573.0,1
7169,384700,Camilla,Caesar,VOLCANIC_ROCK_VOUCHER_9500,SEASHELLS,569.0,12
7175,385100,Camilla,Caesar,VOLCANIC_ROCK_VOUCHER_9500,SEASHELLS,566.0,12
7189,385600,Camilla,Caesar,VOLCANIC_ROCK_VOUCHER_9500,SEASHELLS,568.0,12
7190,385600,Caesar,Caesar,VOLCANIC_ROCK_VOUCHER_9500,SEASHELLS,568.0,1
7228,387100,Camilla,Caesar,VOLCANIC_ROCK_VOUCHER_9500,SEASHELLS,573.0,10
7229,387100,Caesar,Caesar,VOLCANIC_ROCK_VOUCHER_9500,SEASHELLS,573.0,2
7246,387700,Camilla,Caesar,VOLCANIC_ROCK_VOUCHER_9500,SEASHELLS,570.0,16
7282,389600,Camilla,Pablo,VOLCANIC_ROCK_VOUCHER_9500,SEASHELLS,564.0,6
7327,392800,Camilla,Caesar,VOLCANIC_ROCK_VOUCHER_9500,SEASHELLS,564.0,15
7328,392800,Caesar,Caesar,VOLCANIC_ROCK_VOUCHER_9500,SEASHELLS,564.0,1
7339,393000,Camilla,Pablo,VOLCANIC_ROCK_VOUCHER_9500,SEASHELLS,567.0,11
7346,393100,Camilla,Pablo,VOLCANIC_ROCK_VOUCHER_9500,SEASHELLS,568.0,10
7360,393500,Camilla,Penelope,VOLCANIC_ROCK_VOUCHER_9500,SEASHELLS,562.0,16
7370,394300,Camilla,Caesar,VOLCANIC_ROCK_VOUCHER_9500,SEASHELLS,565.0,17
7451,399200,Camilla,Pablo,VOLCANIC_ROCK_VOUCHER_9500,SEASHELLS,598.0,10
7491,401300,Camilla,Caesar,VOLCANIC_ROCK_VOUCHER_9500,SEASHELLS,585.0,12
7492,401300,Caesar,Caesar,VOLCANIC_ROCK_VOUCHER_9500,SEASHELLS,585.0,1
7500,401500,Camilla,Caesar,VOLCANIC_ROCK_VOUCHER_9500,SEASHELLS,585.0,12
7515,402000,Camilla,Caesar,VOLCANIC_ROCK_VOUCHER_9500,SEASHELLS,580.0,14
7521,402100,Penelope,Camilla,VOLCANIC_ROCK_VOUCHER_9500,SEASHELLS,579.0,10
7522,402100,Penelope,Caesar,VOLCANIC_ROCK_VOUCHER_9500,SEASHELLS,579.0,1
7530,402400,Camilla,Caesar,VOLCANIC_ROCK_VOUCHER_9500,SEASHELLS,565.0,12
7541,403400,Camilla,Penelope,VOLCANIC_ROCK_VOUCHER_9500,SEASHELLS,560.0,13
7565,404400,Camilla,Caesar,VOLCANIC_ROCK_VOUCHER_9500,SEASHELLS,557.0,15
7589,405200,Camilla,Caesar,VOLCANIC_ROCK_VOUCHER_9500,SEASHELLS,563.0,13
7602,406400,Penelope,Camilla,VOLCANIC_ROCK_VOUCHER_9500,SEASHELLS,566.0,15
7612,407100,Camilla,Caesar,VOLCANIC_ROCK_VOUCHER_9500,SEASHELLS,568.0,13
7658,410100,Camilla,Penelope,VOLCANIC_ROCK_VOUCHER_9500,SEASHELLS,530.0,15
7663,410500,Camilla,Caesar,VOLCANIC_ROCK_VOUCHER_9500,SEASHELLS,529.0,15
7707,412300,Penelope,Camilla,VOLCANIC_ROCK_VOUCHER_9500,SEASHELLS,555.0,10
7720,413100,Penelope,Camilla,VOLCANIC_ROCK_VOUCHER_9500,SEASHELLS,555.0,12
7732,413800,Camilla,Penelope,VOLCANIC_ROCK_VOUCHER_9500,SEASHELLS,552.0,11
7745,414400,Camilla,Caesar,VOLCANIC_ROCK_VOUCHER_9500,SEASHELLS,543.0,10
7746,414400,Caesar,Caesar,VOLCANIC_ROCK_VOUCHER_9500,SEASHELLS,543.0,2
7755,414600,Camilla,Caesar,VOLCANIC_ROCK_VOUCHER_9500,SEASHELLS,544.0,20
7769,415600,Camilla,Caesar,VOLCANIC_ROCK_VOUCHER_9500,SEASHELLS,537.0,11
7800,417500,Camilla,Penelope,VOLCANIC_ROCK_VOUCHER_9500,SEASHELLS,548.0,10
7814,418300,Camilla,Caesar,VOLCANIC_ROCK_VOUCHER_9500,SEASHELLS,549.0,10
7829,419500,Camilla,Penelope,VOLCANIC_ROCK_VOUCHER_9500,SEASHELLS,546.0,15
7830,419500,Caesar,Penelope,VOLCANIC_ROCK_VOUCHER_9500,SEASHELLS,546.0,1
7862,421500,Penelope,Camilla,VOLCANIC_ROCK_VOUCHER_9500,SEASHELLS,545.0,14
7870,421900,Camilla,Pablo,VOLCANIC_ROCK_VOUCHER_9500,SEASHELLS,553.0,13
7881,422400,Camilla,Pablo,VOLCANIC_ROCK_VOUCHER_9500,SEASHELLS,558.0,12
7924,425300,Camilla,Penelope,VOLCANIC_ROCK_VOUCHER_9500,SEASHELLS,561.0,11
7966,426600,Camilla,Caesar,VOLCANIC_ROCK_VOUCHER_9500,SEASHELLS,562.0,12
7967,426600,Caesar,Caesar,VOLCANIC_ROCK_VOUCHER_9500,SEASHELLS,562.0,1
7989,427800,Camilla,Caesar,VOLCANIC_ROCK_VOUCHER_9500,SEASHELLS,562.0,11
8002,428800,Camilla,Penelope,VOLCANIC_ROCK_VOUCHER_9500,SEASHELLS,547.0,10
8016,429500,Camilla,Caesar,VOLCANIC_ROCK_VOUCHER_9500,SEASHELLS,552.0,17
8042,431700,Camilla,Penelope,VOLCANIC_ROCK_VOUCHER_9500,SEASHELLS,558.0,12
8066,432900,Camilla,Caesar,VOLCANIC_ROCK_VOUCHER_9500,SEASHELLS,548.0,14
8091,434800,Camilla,Caesar,VOLCANIC_ROCK_VOUCHER_9500,SEASHELLS,550.0,11
8099,435200,Camilla,Caesar,VOLCANIC_ROCK_VOUCHER_9500,SEASHELLS,550.0,10
8110,435600,Camilla,Caesar,VOLCANIC_ROCK_VOUCHER_9500,SEASHELLS,551.0,13
8119,435700,Camilla,Caesar,VOLCANIC_ROCK_VOUCHER_9500,SEASHELLS,548.0,18
8141,436500,Camilla,Caesar,VOLCANIC_ROCK_VOUCHER_9500,SEASHELLS,547.0,13
8142,436500,Caesar,Caesar,VOLCANIC_ROCK_VOUCHER_9500,SEASHELLS,547.0,1
8195,439400,Camilla,Caesar,VOLCANIC_ROCK_VOUCHER_9500,SEASHELLS,540.0,12
8210,440500,Camilla,Caesar,VOLCANIC_ROCK_VOUCHER_9500,SEASHELLS,549.0,11
8232,441600,Camilla,Caesar,VOLCANIC_ROCK_VOUCHER_9500,SEASHELLS,557.0,14
8233,441600,Caesar,Caesar,VOLCANIC_ROCK_VOUCHER_9500,SEASHELLS,557.0,1
8244,442000,Camilla,Caesar,VOLCANIC_ROCK_VOUCHER_9500,SEASHELLS,559.0,17
8245,442000,Caesar,Caesar,VOLCANIC_ROCK_VOUCHER_9500,SEASHELLS,559.0,2
8251,442100,Camilla,Caesar,VOLCANIC_ROCK_VOUCHER_9500,SEASHELLS,559.0,13
8260,442900,Camilla,Pablo,VOLCANIC_ROCK_VOUCHER_9500,SEASHELLS,569.0,10
8279,443700,Camilla,Caesar,VOLCANIC_ROCK_VOUCHER_9500,SEASHELLS,569.0,11
8294,444500,Camilla,Penelope,VOLCANIC_ROCK_VOUCHER_9500,SEASHELLS,573.0,16
8295,444500,Caesar,Penelope,VOLCANIC_ROCK_VOUCHER_9500,SEASHELLS,573.0,2
8304,444600,Camilla,Caesar,VOLCANIC_ROCK_VOUCHER_9500,SEASHELLS,571.0,10
8305,444600,Caesar,Caesar,VOLCANIC_ROCK_VOUCHER_9500,SEASHELLS,571.0,2
8320,445000,Camilla,Caesar,VOLCANIC_ROCK_VOUCHER_9500,SEASHELLS,570.0,11
8331,445500,Camilla,Caesar,VOLCANIC_ROCK_VOUCHER_9500,SEASHELLS,571.0,11
8346,446800,Camilla,Pablo,VOLCANIC_ROCK_VOUCHER_9500,SEASHELLS,593.0,8
8372,448300,Camilla,Caesar,VOLCANIC_ROCK_VOUCHER_9500,SEASHELLS,597.0,10
8386,449100,Camilla,Caesar,VOLCANIC_ROCK_VOUCHER_9500,SEASHELLS,603.0,17
8396,449600,Camilla,Caesar,VOLCANIC_ROCK_VOUCHER_9500,SEASHELLS,602.0,12
8397,449600,Caesar,Caesar,VOLCANIC_ROCK_VOUCHER_9500,SEASHELLS,602.0,2
8403,449700,Camilla,Penelope,VOLCANIC_ROCK_VOUCHER_9500,SEASHELLS,599.0,12
8412,449900,Camilla,Caesar,VOLCANIC_ROCK_VOUCHER_9500,SEASHELLS,596.0,15
8413,449900,Caesar,Caesar,VOLCANIC_ROCK_VOUCHER_9500,SEASHELLS,596.0,2
8424,450400,Camilla,Caesar,VOLCANIC_ROCK_VOUCHER_9500,SEASHELLS,584.0,11
8425,450400,Caesar,Caesar,VOLCANIC_ROCK_VOUCHER_9500,SEASHELLS,584.0,1
8455,451800,Camilla,Caesar,VOLCANIC_ROCK_VOUCHER_9500,SEASHELLS,588.0,13
8486,453900,Camilla,Pablo,VOLCANIC_ROCK_VOUCHER_9500,SEASHELLS,575.0,11
8487,453900,Caesar,Pablo,VOLCANIC_ROCK_VOUCHER_9500,SEASHELLS,575.0,1
8520,456300,Camilla,Pablo,VOLCANIC_ROCK_VOUCHER_9500,SEASHELLS,569.0,13
8521,456300,Caesar,Pablo,VOLCANIC_ROCK_VOUCHER_9500,SEASHELLS,569.0,2
8530,456800,Camilla,Caesar,VOLCANIC_ROCK_VOUCHER_9500,SEASHELLS,570.0,10
8569,458500,Camilla,Caesar,VOLCANIC_ROCK_VOUCHER_9500,SEASHELLS,575.0,19
8570,458500,Caesar,Caesar,VOLCANIC_ROCK_VOUCHER_9500,SEASHELLS,575.0,1
8586,459100,Camilla,Caesar,VOLCANIC_ROCK_VOUCHER_9500,SEASHELLS,585.0,16
8624,461400,Penelope,Camilla,VOLCANIC_ROCK_VOUCHER_9500,SEASHELLS,590.0,12
8631,461600,Camilla,Caesar,VOLCANIC_ROCK_VOUCHER_9500,SEASHELLS,591.0,16
8666,463700,Camilla,Pablo,VOLCANIC_ROCK_VOUCHER_9500,SEASHELLS,605.0,8
8683,464800,Penelope,Camilla,VOLCANIC_ROCK_VOUCHER_9500,SEASHELLS,608.0,10
8691,465400,Camilla,Pablo,VOLCANIC_ROCK_VOUCHER_9500,SEASHELLS,602.0,13
8713,466800,Camilla,Penelope,VOLCANIC_ROCK_VOUCHER_9500,SEASHELLS,595.0,15
8733,467600,Camilla,Caesar,VOLCANIC_ROCK_VOUCHER_9500,SEASHELLS,589.0,12
8734,467600,Caesar,Caesar,VOLCANIC_ROCK_VOUCHER_9500,SEASHELLS,589.0,2
8742,467800,Camilla,Caesar,VOLCANIC_ROCK_VOUCHER_9500,SEASHELLS,594.0,13
8753,468100,Camilla,Caesar,VOLCANIC_ROCK_VOUCHER_9500,SEASHELLS,590.0,14
8754,468100,Caesar,Caesar,VOLCANIC_ROCK_VOUCHER_9500,SEASHELLS,590.0,2
8791,470000,Camilla,Caesar,VOLCANIC_ROCK_VOUCHER_9500,SEASHELLS,607.0,12
8792,470000,Caesar,Caesar,VOLCANIC_ROCK_VOUCHER_9500,SEASHELLS,607.0,1
8799,470300,Camilla,Pablo,VOLCANIC_ROCK_VOUCHER_9500,SEASHELLS,609.0,6
8808,470700,Camilla,Caesar,VOLCANIC_ROCK_VOUCHER_9500,SEASHELLS,614.0,11
8820,471000,Camilla,Caesar,VOLCANIC_ROCK_VOUCHER_9500,SEASHELLS,611.0,10
8840,472000,Camilla,Caesar,VOLCANIC_ROCK_VOUCHER_9500,SEASHELLS,608.0,10
8863,473100,Camilla,Caesar,VOLCANIC_ROCK_VOUCHER_9500,SEASHELLS,608.0,11
8877,473800,Camilla,Pablo,VOLCANIC_ROCK_VOUCHER_9500,SEASHELLS,601.0,15
8929,476500,Camilla,Penelope,VOLCANIC_ROCK_VOUCHER_9500,SEASHELLS,588.0,14
8948,477100,Camilla,Caesar,VOLCANIC_ROCK_VOUCHER_9500,SEASHELLS,594.0,14
8949,477100,Caesar,Caesar,VOLCANIC_ROCK_VOUCHER_9500,SEASHELLS,594.0,1
8964,477700,Camilla,Caesar,VOLCANIC_ROCK_VOUCHER_9500,SEASHELLS,588.0,10
8978,478200,Camilla,Caesar,VOLCANIC_ROCK_VOUCHER_9500,SEASHELLS,595.0,12
8999,479000,Camilla,Caesar,VOLCANIC_ROCK_VOUCHER_9500,SEASHELLS,593.0,13
9000,479000,Caesar,Caesar,VOLCANIC_ROCK_VOUCHER_9500,SEASHELLS,593.0,2
9021,480300,Camilla,Caesar,VOLCANIC_ROCK_VOUCHER_9500,SEASHELLS,607.0,17
9030,480700,Camilla,Caesar,VOLCANIC_ROCK_VOUCHER_9500,SEASHELLS,598.0,12
9031,480700,Caesar,Caesar,VOLCANIC_ROCK_VOUCHER_9500,SEASHELLS,598.0,1
9036,480800,Penelope,Camilla,VOLCANIC_ROCK_VOUCHER_9500,SEASHELLS,601.0,10
9037,480800,Penelope,Caesar,VOLCANIC_ROCK_VOUCHER_9500,SEASHELLS,601.0,1
9075,482900,Penelope,Camilla,VOLCANIC_ROCK_VOUCHER_9500,SEASHELLS,600.0,15
9076,482900,Penelope,Caesar,VOLCANIC_ROCK_VOUCHER_9500,SEASHELLS,600.0,1
9088,483800,Camilla,Caesar,VOLCANIC_ROCK_VOUCHER_9500,SEASHELLS,601.0,12
9117,485300,Camilla,Caesar,VOLCANIC_ROCK_VOUCHER_9500,SEASHELLS,589.0,11
9118,485300,Caesar,Caesar,VOLCANIC_ROCK_VOUCHER_9500,SEASHELLS,589.0,1
9133,486100,Camilla,Caesar,VOLCANIC_ROCK_VOUCHER_9500,SEASHELLS,585.0,10
9171,489100,Penelope,Camilla,VOLCANIC_ROCK_VOUCHER_9500,SEASHELLS,583.0,12
9172,489100,Penelope,Caesar,VOLCANIC_ROCK_VOUCHER_9500,SEASHELLS,583.0,1
9179,489400,Camilla,Caesar,VOLCANIC_ROCK_VOUCHER_9500,SEASHELLS,580.0,11
9196,490900,Penelope,Camilla,VOLCANIC_ROCK_VOUCHER_9500,SEASHELLS,604.0,15
9226,492200,Camilla,Caesar,VOLCANIC_ROCK_VOUCHER_9500,SEASHELLS,625.0,11
9227,492200,Caesar,Caesar,VOLCANIC_ROCK_VOUCHER_9500,SEASHELLS,625.0,2
9241,492900,Camilla,Pablo,VOLCANIC_ROCK_VOUCHER_9500,SEASHELLS,631.0,14
9278,494700,Camilla,Pablo,VOLCANIC_ROCK_VOUCHER_9500,SEASHELLS,622.0,7
9279,494700,Penelope,Camilla,VOLCANIC_ROCK_VOUCHER_9500,SEASHELLS,623.0,12
9300,495800,Camilla,Caesar,VOLCANIC_ROCK_VOUCHER_9500,SEASHELLS,620.0,12
9301,495800,Caesar,Caesar,VOLCANIC_ROCK_VOUCHER_9500,SEASHELLS,620.0,2
9314,496100,Camilla,Caesar,VOLCANIC_ROCK_VOUCHER_9500,SEASHELLS,617.0,13
9338,497100,Camilla,Penelope,VOLCANIC_ROCK_VOUCHER_9500,SEASHELLS,621.0,13
9339,497100,Caesar,Penelope,VOLCANIC_ROCK_VOUCHER_9500,SEASHELLS,621.0,1
9355,498000,Camilla,Caesar,VOLCANIC_ROCK_VOUCHER_9500,SEASHELLS,617.0,10
9372,498600,Camilla,Pablo,VOLCANIC_ROCK_VOUCHER_9500,SEASHELLS,608.0,14
9400,500500,Camilla,Caesar,VOLCANIC_ROCK_VOUCHER_9500,SEASHELLS,613.0,12
9401,500500,Caesar,Caesar,VOLCANIC_ROCK_VOUCHER_9500,SEASHELLS,613.0,2
9434,502300,Camilla,Caesar,VOLCANIC_ROCK_VOUCHER_9500,SEASHELLS,623.0,16
9435,502300,Caesar,Caesar,VOLCANIC_ROCK_VOUCHER_9500,SEASHELLS,623.0,2
9449,502600,Camilla,Caesar,VOLCANIC_ROCK_VOUCHER_9500,SEASHELLS,620.0,12
9450,502600,Caesar,Caesar,VOLCANIC_ROCK_VOUCHER_9500,SEASHELLS,620.0,2
9476,504300,Camilla,Caesar,VOLCANIC_ROCK_VOUCHER_9500,SEASHELLS,622.0,11
9485,504700,Camilla,Penelope,VOLCANIC_ROCK_VOUCHER_9500,SEASHELLS,621.0,12
9486,504700,Caesar,Penelope,VOLCANIC_ROCK_VOUCHER_9500,SEASHELLS,621.0,1
9498,505500,Camilla,Penelope,VOLCANIC_ROCK_VOUCHER_9500,SEASHELLS,618.0,15
9508,505900,Camilla,Caesar,VOLCANIC_ROCK_VOUCHER_9500,SEASHELLS,616.0,15
9542,508100,Camilla,Pablo,VOLCANIC_ROCK_VOUCHER_9500,SEASHELLS,617.0,7
9572,509700,Penelope,Camilla,VOLCANIC_ROCK_VOUCHER_9500,SEASHELLS,608.0,14
9573,509700,Penelope,Caesar,VOLCANIC_ROCK_VOUCHER_9500,SEASHELLS,608.0,2
9597,511100,Camilla,Caesar,VOLCANIC_ROCK_VOUCHER_9500,SEASHELLS,603.0,11
9603,511400,Camilla,Penelope,VOLCANIC_ROCK_VOUCHER_9500,SEASHELLS,601.0,14
9604,511400,Caesar,Penelope,VOLCANIC_ROCK_VOUCHER_9500,SEASHELLS,601.0,1
9622,512800,Camilla,Caesar,VOLCANIC_ROCK_VOUCHER_9500,SEASHELLS,623.0,10
9623,512800,Caesar,Caesar,VOLCANIC_ROCK_VOUCHER_9500,SEASHELLS,623.0,2
9657,515100,Camilla,Pablo,VOLCANIC_ROCK_VOUCHER_9500,SEASHELLS,622.0,10
9677,516500,Camilla,Caesar,VOLCANIC_ROCK_VOUCHER_9500,SEASHELLS,630.0,12
9725,519300,Camilla,Caesar,VOLCANIC_ROCK_VOUCHER_9500,SEASHELLS,630.0,16
9726,519300,Caesar,Caesar,VOLCANIC_ROCK_VOUCHER_9500,SEASHELLS,630.0,2
9763,521200,Camilla,Penelope,VOLCANIC_ROCK_VOUCHER_9500,SEASHELLS,623.0,13
9764,521200,Caesar,Penelope,VOLCANIC_ROCK_VOUCHER_9500,SEASHELLS,623.0,1
9800,523200,Camilla,Caesar,VOLCANIC_ROCK_VOUCHER_9500,SEASHELLS,652.0,14
9814,523900,Camilla,Caesar,VOLCANIC_ROCK_VOUCHER_9500,SEASHELLS,642.0,14
9815,523900,Camilla,Penelope,VOLCANIC_ROCK_VOUCHER_9500,SEASHELLS,642.0,1
9863,527300,Camilla,Caesar,VOLCANIC_ROCK_VOUCHER_9500,SEASHELLS,644.0,18
9864,527300,Caesar,Caesar,VOLCANIC_ROCK_VOUCHER_9500,SEASHELLS,644.0,1
9892,529100,Camilla,Caesar,VOLCANIC_ROCK_VOUCHER_9500,SEASHELLS,644.0,10
9897,529500,Penelope,Camilla,VOLCANIC_ROCK_VOUCHER_9500,SEASHELLS,648.0,12
9898,529500,Penelope,Caesar,VOLCANIC_ROCK_VOUCHER_9500,SEASHELLS,648.0,2
9924,531300,Camilla,Penelope,VOLCANIC_ROCK_VOUCHER_9500,SEASHELLS,639.0,11
9935,531900,Camilla,Penelope,VOLCANIC_ROCK_VOUCHER_9500,SEASHELLS,642.0,14
9936,531900,Caesar,Penelope,VOLCANIC_ROCK_VOUCHER_9500,SEASHELLS,642.0,2
9991,535700,Camilla,Caesar,VOLCANIC_ROCK_VOUCHER_9500,SEASHELLS,663.0,16
9992,535700,Caesar,Caesar,VOLCANIC_ROCK_VOUCHER_9500,SEASHELLS,663.0,1
10034,537400,Camilla,Caesar,VOLCANIC_ROCK_VOUCHER_9500,SEASHELLS,645.0,13
10035,537400,Caesar,Caesar,VOLCANIC_ROCK_VOUCHER_9500,SEASHELLS,645.0,1
10050,538400,Camilla,Caesar,VOLCANIC_ROCK_VOUCHER_9500,SEASHELLS,643.0,14
10058,538800,Camilla,Caesar,VOLCANIC_ROCK_VOUCHER_9500,SEASHELLS,639.0,15
10059,538800,Camilla,Penelope,VOLCANIC_ROCK_VOUCHER_9500,SEASHELLS,639.0,3
10060,538800,Caesar,Penelope,VOLCANIC_ROCK_VOUCHER_9500,SEASHELLS,639.0,2
10093,541100,Camilla,Caesar,VOLCANIC_ROCK_VOUCHER_9500,SEASHELLS,634.0,18
10094,541100,Caesar,Caesar,VOLCANIC_ROCK_VOUCHER_9500,SEASHELLS,634.0,1
10102,541200,Penelope,Camilla,VOLCANIC_ROCK_VOUCHER_9500,SEASHELLS,634.0,16
10121,542500,Penelope,Camilla,VOLCANIC_ROCK_VOUCHER_9500,SEASHELLS,652.0,18
10143,544000,Camilla,Penelope,VOLCANIC_ROCK_VOUCHER_9500,SEASHELLS,649.0,15
10154,544300,Camilla,Pablo,VOLCANIC_ROCK_VOUCHER_9500,SEASHELLS,648.0,11
10210,547900,Camilla,Penelope,VOLCANIC_ROCK_VOUCHER_9500,SEASHELLS,631.0,15
10220,548300,Penelope,Camilla,VOLCANIC_ROCK_VOUCHER_9500,SEASHELLS,625.0,17
10221,548300,Penelope,Caesar,VOLCANIC_ROCK_VOUCHER_9500,SEASHELLS,625.0,1
10247,550300,Camilla,Caesar,VOLCANIC_ROCK_VOUCHER_9500,SEASHELLS,618.0,15
10274,551900,Camilla,Penelope,VOLCANIC_ROCK_VOUCHER_9500,SEASHELLS,617.0,15
10289,552600,Camilla,Caesar,VOLCANIC_ROCK_VOUCHER_9500,SEASHELLS,609.0,11
10316,554400,Camilla,Penelope,VOLCANIC_ROCK_VOUCHER_9500,SEASHELLS,603.0,10
10317,554400,Caesar,Penelope,VOLCANIC_ROCK_VOUCHER_9500,SEASHELLS,603.0,2
10352,556500,Camilla,Caesar,VOLCANIC_ROCK_VOUCHER_9500,SEASHELLS,616.0,17
10353,556500,Caesar,Caesar,VOLCANIC_ROCK_VOUCHER_9500,SEASHELLS,616.0,2
10372,557500,Penelope,Camilla,VOLCANIC_ROCK_VOUCHER_9500,SEASHELLS,623.0,12
10378,557600,Camilla,Caesar,VOLCANIC_ROCK_VOUCHER_9500,SEASHELLS,624.0,10
10402,558700,Camilla,Caesar,VOLCANIC_ROCK_VOUCHER_9500,SEASHELLS,614.0,10
10411,559600,Camilla,Penelope,VOLCANIC_ROCK_VOUCHER_9500,SEASHELLS,610.0,12
10454,563900,Camilla,Caesar,VOLCANIC_ROCK_VOUCHER_9500,SEASHELLS,616.0,16
10469,564500,Camilla,Caesar,VOLCANIC_ROCK_VOUCHER_9500,SEASHELLS,615.0,11
10488,565300,Penelope,Camilla,VOLCANIC_ROCK_VOUCHER_9500,SEASHELLS,626.0,16
10522,567100,Camilla,Pablo,VOLCANIC_ROCK_VOUCHER_9500,SEASHELLS,617.0,9
10540,568200,Camilla,Caesar,VOLCANIC_ROCK_VOUCHER_9500,SEASHELLS,620.0,12
10567,570100,Camilla,Caesar,VOLCANIC_ROCK_VOUCHER_9500,SEASHELLS,620.0,11
10582,571200,Camilla,Pablo,VOLCANIC_ROCK_VOUCHER_9500,SEASHELLS,625.0,10
10618,573500,Penelope,Camilla,VOLCANIC_ROCK_VOUCHER_9500,SEASHELLS,630.0,14
10656,576400,Camilla,Penelope,VOLCANIC_ROCK_VOUCHER_9500,SEASHELLS,635.0,10
10670,577100,Penelope,Camilla,VOLCANIC_ROCK_VOUCHER_9500,SEASHELLS,633.0,17
10681,577200,Camilla,Caesar,VOLCANIC_ROCK_VOUCHER_9500,SEASHELLS,631.0,12
10682,577200,Caesar,Caesar,VOLCANIC_ROCK_VOUCHER_9500,SEASHELLS,631.0,1
10693,577700,Penelope,Camilla,VOLCANIC_ROCK_VOUCHER_9500,SEASHELLS,633.0,13
10721,579400,Camilla,Caesar,VOLCANIC_ROCK_VOUCHER_9500,SEASHELLS,618.0,19
10750,580400,Camilla,Caesar,VOLCANIC_ROCK_VOUCHER_9500,SEASHELLS,618.0,13
10751,580400,Caesar,Caesar,VOLCANIC_ROCK_VOUCHER_9500,SEASHELLS,618.0,2
10766,581800,Camilla,Penelope,VOLCANIC_ROCK_VOUCHER_9500,SEASHELLS,618.0,14
10790,583500,Camilla,Penelope,VOLCANIC_ROCK_VOUCHER_9500,SEASHELLS,610.0,14
10800,584600,Camilla,Caesar,VOLCANIC_ROCK_VOUCHER_9500,SEASHELLS,603.0,10
10801,584600,Caesar,Caesar,VOLCANIC_ROCK_VOUCHER_9500,SEASHELLS,603.0,1
10813,585000,Camilla,Caesar,VOLCANIC_ROCK_VOUCHER_9500,SEASHELLS,607.0,11
10814,585000,Caesar,Caesar,VOLCANIC_ROCK_VOUCHER_9500,SEASHELLS,607.0,2
10830,585700,Camilla,Caesar,VOLCANIC_ROCK_VOUCHER_9500,SEASHELLS,615.0,11
10869,588100,Camilla,Caesar,VOLCANIC_ROCK_VOUCHER_9500,SEASHELLS,610.0,19
10894,589100,Camilla,Caesar,VOLCANIC_ROCK_VOUCHER_9500,SEASHELLS,614.0,15
10895,589100,Caesar,Caesar,VOLCANIC_ROCK_VOUCHER_9500,SEASHELLS,614.0,1
10904,589800,Camilla,Caesar,VOLCANIC_ROCK_VOUCHER_9500,SEASHELLS,616.0,15
10924,590400,Camilla,Caesar,VOLCANIC_ROCK_VOUCHER_9500,SEASHELLS,617.0,15
10925,590400,Caesar,Caesar,VOLCANIC_ROCK_VOUCHER_9500,SEASHELLS,617.0,1
10936,591300,Camilla,Penelope,VOLCANIC_ROCK_VOUCHER_9500,SEASHELLS,631.0,20
10973,592900,Penelope,Camilla,VOLCANIC_ROCK_VOUCHER_9500,SEASHELLS,627.0,10
10982,593000,Camilla,Caesar,VOLCANIC_ROCK_VOUCHER_9500,SEASHELLS,625.0,10
11004,593800,Camilla,Caesar,VOLCANIC_ROCK_VOUCHER_9500,SEASHELLS,623.0,11
11005,593800,Caesar,Caesar,VOLCANIC_ROCK_VOUCHER_9500,SEASHELLS,623.0,1
11022,595100,Penelope,Camilla,VOLCANIC_ROCK_VOUCHER_9500,SEASHELLS,626.0,12
11093,601000,Camilla,Caesar,VOLCANIC_ROCK_VOUCHER_9500,SEASHELLS,617.0,14
11094,601000,Caesar,Caesar,VOLCANIC_ROCK_VOUCHER_9500,SEASHELLS,617.0,2
11103,601500,Camilla,Caesar,VOLCANIC_ROCK_VOUCHER_9500,SEASHELLS,613.0,19
11125,602500,Camilla,Caesar,VOLCANIC_ROCK_VOUCHER_9500,SEASHELLS,611.0,13
11126,602500,Penelope,Camilla,VOLCANIC_ROCK_VOUCHER_9500,SEASHELLS,612.0,12
11136,602800,Camilla,Caesar,VOLCANIC_ROCK_VOUCHER_9500,SEASHELLS,617.0,13
11142,603100,Penelope,Camilla,VOLCANIC_ROCK_VOUCHER_9500,SEASHELLS,629.0,16
11162,604000,Camilla,Caesar,VOLCANIC_ROCK_VOUCHER_9500,SEASHELLS,645.0,14
11163,604000,Camilla,Penelope,VOLCANIC_ROCK_VOUCHER_9500,SEASHELLS,645.0,1
11192,605300,Camilla,Caesar,VOLCANIC_ROCK_VOUCHER_9500,SEASHELLS,642.0,10
11193,605300,Caesar,Caesar,VOLCANIC_ROCK_VOUCHER_9500,SEASHELLS,642.0,2
11208,606000,Camilla,Pablo,VOLCANIC_ROCK_VOUCHER_9500,SEASHELLS,636.0,10
11228,607600,Penelope,Camilla,VOLCANIC_ROCK_VOUCHER_9500,SEASHELLS,632.0,15
11240,608100,Camilla,Caesar,VOLCANIC_ROCK_VOUCHER_9500,SEASHELLS,629.0,13
11246,608300,Camilla,Penelope,VOLCANIC_ROCK_VOUCHER_9500,SEASHELLS,634.0,18
11247,608300,Caesar,Penelope,VOLCANIC_ROCK_VOUCHER_9500,SEASHELLS,634.0,1
11285,610400,Camilla,Caesar,VOLCANIC_ROCK_VOUCHER_9500,SEASHELLS,645.0,11
11295,611300,Camilla,Caesar,VOLCANIC_ROCK_VOUCHER_9500,SEASHELLS,655.0,17
11310,612500,Camilla,Caesar,VOLCANIC_ROCK_VOUCHER_9500,SEASHELLS,644.0,11
11311,612500,Caesar,Caesar,VOLCANIC_ROCK_VOUCHER_9500,SEASHELLS,644.0,1
11321,612700,Camilla,Caesar,VOLCANIC_ROCK_VOUCHER_9500,SEASHELLS,645.0,13
11362,615200,Penelope,Camilla,VOLCANIC_ROCK_VOUCHER_9500,SEASHELLS,685.0,12
11389,616600,Camilla,Pablo,VOLCANIC_ROCK_VOUCHER_9500,SEASHELLS,689.0,12
11403,617600,Penelope,Camilla,VOLCANIC_ROCK_VOUCHER_9500,SEASHELLS,687.0,15
11404,617600,Penelope,Caesar,VOLCANIC_ROCK_VOUCHER_9500,SEASHELLS,687.0,2
11429,618800,Penelope,Camilla,VOLCANIC_ROCK_VOUCHER_9500,SEASHELLS,681.0,13
11438,619300,Camilla,Caesar,VOLCANIC_ROCK_VOUCHER_9500,SEASHELLS,677.0,16
11449,619500,Camilla,Caesar,VOLCANIC_ROCK_VOUCHER_9500,SEASHELLS,677.0,15
11450,619500,Caesar,Caesar,VOLCANIC_ROCK_VOUCHER_9500,SEASHELLS,677.0,2
11476,621300,Camilla,Caesar,VOLCANIC_ROCK_VOUCHER_9500,SEASHELLS,671.0,10
11493,622100,Camilla,Caesar,VOLCANIC_ROCK_VOUCHER_9500,SEASHELLS,676.0,12
11527,623900,Camilla,Caesar,VOLCANIC_ROCK_VOUCHER_9500,SEASHELLS,683.0,13
11546,624200,Camilla,Caesar,VOLCANIC_ROCK_VOUCHER_9500,SEASHELLS,682.0,15
11547,624200,Caesar,Caesar,VOLCANIC_ROCK_VOUCHER_9500,SEASHELLS,682.0,1
11548,624200,Penelope,Caesar,VOLCANIC_ROCK_VOUCHER_9500,SEASHELLS,682.0,2
11566,625400,Camilla,Caesar,VOLCANIC_ROCK_VOUCHER_9500,SEASHELLS,660.0,14
11575,625600,Camilla,Caesar,VOLCANIC_ROCK_VOUCHER_9500,SEASHELLS,664.0,17
11576,625600,Caesar,Caesar,VOLCANIC_ROCK_VOUCHER_9500,SEASHELLS,664.0,2
11613,628400,Camilla,Caesar,VOLCANIC_ROCK_VOUCHER_9500,SEASHELLS,679.0,11
11628,629100,Camilla,Caesar,VOLCANIC_ROCK_VOUCHER_9500,SEASHELLS,679.0,11
11629,629100,Penelope,Caesar,VOLCANIC_ROCK_VOUCHER_9500,SEASHELLS,679.0,4
11645,629800,Camilla,Caesar,VOLCANIC_ROCK_VOUCHER_9500,SEASHELLS,680.0,15
11710,634900,Camilla,Caesar,VOLCANIC_ROCK_VOUCHER_9500,SEASHELLS,704.0,10
11711,634900,Caesar,Caesar,VOLCANIC_ROCK_VOUCHER_9500,SEASHELLS,704.0,1
11722,635700,Penelope,Camilla,VOLCANIC_ROCK_VOUCHER_9500,SEASHELLS,688.0,12
11760,637500,Camilla,Pablo,VOLCANIC_ROCK_VOUCHER_9500,SEASHELLS,694.0,5
11765,637600,Camilla,Caesar,VOLCANIC_ROCK_VOUCHER_9500,SEASHELLS,696.0,17
11775,638300,Camilla,Pablo,VOLCANIC_ROCK_VOUCHER_9500,SEASHELLS,676.0,5
11851,643400,Camilla,Caesar,VOLCANIC_ROCK_VOUCHER_9500,SEASHELLS,673.0,12
11865,644100,Camilla,Penelope,VOLCANIC_ROCK_VOUCHER_9500,SEASHELLS,671.0,15
11866,644100,Caesar,Penelope,VOLCANIC_ROCK_VOUCHER_9500,SEASHELLS,671.0,1
11893,645500,Camilla,Caesar,VOLCANIC_ROCK_VOUCHER_9500,SEASHELLS,674.0,12
11894,645500,Caesar,Caesar,VOLCANIC_ROCK_VOUCHER_9500,SEASHELLS,674.0,1
11907,646300,Camilla,Caesar,VOLCANIC_ROCK_VOUCHER_9500,SEASHELLS,679.0,12
11918,647300,Camilla,Caesar,VOLCANIC_ROCK_VOUCHER_9500,SEASHELLS,682.0,17
11930,648000,Penelope,Camilla,VOLCANIC_ROCK_VOUCHER_9500,SEASHELLS,676.0,12
11960,650000,Camilla,Caesar,VOLCANIC_ROCK_VOUCHER_9500,SEASHELLS,674.0,12
11973,651200,Penelope,Camilla,VOLCANIC_ROCK_VOUCHER_9500,SEASHELLS,687.0,10
11995,652300,Camilla,Pablo,VOLCANIC_ROCK_VOUCHER_9500,SEASHELLS,697.0,10
12045,654900,Camilla,Caesar,VOLCANIC_ROCK_VOUCHER_9500,SEASHELLS,696.0,11
12058,656000,Penelope,Camilla,VOLCANIC_ROCK_VOUCHER_9500,SEASHELLS,685.0,16
12081,656700,Camilla,Caesar,VOLCANIC_ROCK_VOUCHER_9500,SEASHELLS,677.0,15
12111,658600,Camilla,Caesar,VOLCANIC_ROCK_VOUCHER_9500,SEASHELLS,681.0,11
12112,658600,Caesar,Caesar,VOLCANIC_ROCK_VOUCHER_9500,SEASHELLS,681.0,1
12130,660200,Camilla,Caesar,VOLCANIC_ROCK_VOUCHER_9500,SEASHELLS,679.0,15
12138,660500,Camilla,Caesar,VOLCANIC_ROCK_VOUCHER_9500,SEASHELLS,680.0,14
12142,660600,Penelope,Camilla,VOLCANIC_ROCK_VOUCHER_9500,SEASHELLS,681.0,10
12143,660600,Penelope,Caesar,VOLCANIC_ROCK_VOUCHER_9500,SEASHELLS,681.0,1
12164,661500,Camilla,Caesar,VOLCANIC_ROCK_VOUCHER_9500,SEASHELLS,679.0,12
12165,661500,Caesar,Caesar,VOLCANIC_ROCK_VOUCHER_9500,SEASHELLS,679.0,1
12207,664600,Camilla,Pablo,VOLCANIC_ROCK_VOUCHER_9500,SEASHELLS,722.0,9
12216,664900,Penelope,Camilla,VOLCANIC_ROCK_VOUCHER_9500,SEASHELLS,723.0,12
12238,666100,Camilla,Caesar,VOLCANIC_ROCK_VOUCHER_9500,SEASHELLS,725.0,13
12239,666100,Caesar,Caesar,VOLCANIC_ROCK_VOUCHER_9500,SEASHELLS,725.0,2
12255,666500,Camilla,Penelope,VOLCANIC_ROCK_VOUCHER_9500,SEASHELLS,717.0,10
12256,666500,Caesar,Penelope,VOLCANIC_ROCK_VOUCHER_9500,SEASHELLS,717.0,2
12257,666500,Caesar,Penelope,VOLCANIC_ROCK_VOUCHER_9500,SEASHELLS,717.0,6
12285,667100,Camilla,Caesar,VOLCANIC_ROCK_VOUCHER_9500,SEASHELLS,716.0,12
12286,667100,Caesar,Caesar,VOLCANIC_ROCK_VOUCHER_9500,SEASHELLS,716.0,1
12297,667400,Camilla,Caesar,VOLCANIC_ROCK_VOUCHER_9500,SEASHELLS,712.0,15
12298,667400,Caesar,Caesar,VOLCANIC_ROCK_VOUCHER_9500,SEASHELLS,712.0,1
12418,675700,Camilla,Caesar,VOLCANIC_ROCK_VOUCHER_9500,SEASHELLS,712.0,10
12419,675700,Caesar,Caesar,VOLCANIC_ROCK_VOUCHER_9500,SEASHELLS,712.0,1
12438,676500,Camilla,Caesar,VOLCANIC_ROCK_VOUCHER_9500,SEASHELLS,717.0,19
12468,677900,Penelope,Camilla,VOLCANIC_ROCK_VOUCHER_9500,SEASHELLS,722.0,11
12469,677900,Penelope,Caesar,VOLCANIC_ROCK_VOUCHER_9500,SEASHELLS,722.0,2
12500,679500,Camilla,Penelope,VOLCANIC_ROCK_VOUCHER_9500,SEASHELLS,726.0,10
12501,679500,Caesar,Penelope,VOLCANIC_ROCK_VOUCHER_9500,SEASHELLS,726.0,2
12525,681400,Camilla,Caesar,VOLCANIC_ROCK_VOUCHER_9500,SEASHELLS,710.0,13
12536,681700,Camilla,Caesar,VOLCANIC_ROCK_VOUCHER_9500,SEASHELLS,714.0,14
12570,683600,Camilla,Caesar,VOLCANIC_ROCK_VOUCHER_9500,SEASHELLS,722.0,19
12585,684600,Camilla,Caesar,VOLCANIC_ROCK_VOUCHER_9500,SEASHELLS,731.0,16
12608,686000,Camilla,Penelope,VOLCANIC_ROCK_VOUCHER_9500,SEASHELLS,730.0,16
12609,686000,Caesar,Penelope,VOLCANIC_ROCK_VOUCHER_9500,SEASHELLS,730.0,1
12620,686400,Camilla,Caesar,VOLCANIC_ROCK_VOUCHER_9500,SEASHELLS,722.0,11
12627,686700,Penelope,Camilla,VOLCANIC_ROCK_VOUCHER_9500,SEASHELLS,720.0,12
12628,686700,Penelope,Caesar,VOLCANIC_ROCK_VOUCHER_9500,SEASHELLS,720.0,2
12701,691100,Camilla,Caesar,VOLCANIC_ROCK_VOUCHER_9500,SEASHELLS,734.0,17
12702,691100,Caesar,Caesar,VOLCANIC_ROCK_VOUCHER_9500,SEASHELLS,734.0,1
12728,692200,Penelope,Camilla,VOLCANIC_ROCK_VOUCHER_9500,SEASHELLS,727.0,12
12729,692200,Penelope,Caesar,VOLCANIC_ROCK_VOUCHER_9500,SEASHELLS,727.0,1
12740,692700,Camilla,Caesar,VOLCANIC_ROCK_VOUCHER_9500,SEASHELLS,723.0,14
12754,693200,Camilla,Caesar,VOLCANIC_ROCK_VOUCHER_9500,SEASHELLS,719.0,13
12767,693600,Camilla,Penelope,VOLCANIC_ROCK_VOUCHER_9500,SEASHELLS,715.0,16
12776,693900,Camilla,Caesar,VOLCANIC_ROCK_VOUCHER_9500,SEASHELLS,712.0,10
12777,693900,Caesar,Caesar,VOLCANIC_ROCK_VOUCHER_9500,SEASHELLS,712.0,1
12790,694100,Camilla,Caesar,VOLCANIC_ROCK_VOUCHER_9500,SEASHELLS,712.0,11
12791,694100,Caesar,Caesar,VOLCANIC_ROCK_VOUCHER_9500,SEASHELLS,712.0,1
12812,696000,Camilla,Penelope,VOLCANIC_ROCK_VOUCHER_9500,SEASHELLS,704.0,13
12826,697100,Camilla,Caesar,VOLCANIC_ROCK_VOUCHER_9500,SEASHELLS,713.0,13
12831,697400,Camilla,Penelope,VOLCANIC_ROCK_VOUCHER_9500,SEASHELLS,712.0,14
12840,698300,Camilla,Caesar,VOLCANIC_ROCK_VOUCHER_9500,SEASHELLS,714.0,14
12883,700700,Camilla,Caesar,VOLCANIC_ROCK_VOUCHER_9500,SEASHELLS,712.0,10
12884,700700,Caesar,Caesar,VOLCANIC_ROCK_VOUCHER_9500,SEASHELLS,712.0,1
12894,701000,Camilla,Caesar,VOLCANIC_ROCK_VOUCHER_9500,SEASHELLS,705.0,16
12895,701000,Penelope,Camilla,VOLCANIC_ROCK_VOUCHER_9500,SEASHELLS,706.0,19
12911,702300,Camilla,Penelope,VOLCANIC_ROCK_VOUCHER_9500,SEASHELLS,697.0,15
12917,702500,Penelope,Camilla,VOLCANIC_ROCK_VOUCHER_9500,SEASHELLS,694.0,18
12930,703600,Camilla,Pablo,VOLCANIC_ROCK_VOUCHER_9500,SEASHELLS,708.0,5
12944,704600,Camilla,Penelope,VOLCANIC_ROCK_VOUCHER_9500,SEASHELLS,711.0,11
12977,705600,Camilla,Penelope,VOLCANIC_ROCK_VOUCHER_9500,SEASHELLS,728.0,14
12978,705600,Caesar,Penelope,VOLCANIC_ROCK_VOUCHER_9500,SEASHELLS,728.0,1
12996,707000,Camilla,Caesar,VOLCANIC_ROCK_VOUCHER_9500,SEASHELLS,724.0,14
13006,707300,Camilla,Penelope,VOLCANIC_ROCK_VOUCHER_9500,SEASHELLS,718.0,17
13007,707300,Caesar,Penelope,VOLCANIC_ROCK_VOUCHER_9500,SEASHELLS,718.0,1
13025,708400,Camilla,Pablo,VOLCANIC_ROCK_VOUCHER_9500,SEASHELLS,721.0,13
13052,709800,Camilla,Pablo,VOLCANIC_ROCK_VOUCHER_9500,SEASHELLS,709.0,5
13069,710600,Camilla,Caesar,VOLCANIC_ROCK_VOUCHER_9500,SEASHELLS,700.0,12
13088,711400,Camilla,Caesar,VOLCANIC_ROCK_VOUCHER_9500,SEASHELLS,705.0,15
13108,713500,Camilla,Caesar,VOLCANIC_ROCK_VOUCHER_9500,SEASHELLS,700.0,17
13151,716400,Camilla,Pablo,VOLCANIC_ROCK_VOUCHER_9500,SEASHELLS,718.0,7
13206,718400,Camilla,Pablo,VOLCANIC_ROCK_VOUCHER_9500,SEASHELLS,720.0,8
13217,718900,Camilla,Pablo,VOLCANIC_ROCK_VOUCHER_9500,SEASHELLS,715.0,12
13243,720500,Camilla,Caesar,VOLCANIC_ROCK_VOUCHER_9500,SEASHELLS,727.0,11
13283,722800,Camilla,Pablo,VOLCANIC_ROCK_VOUCHER_9500,SEASHELLS,720.0,5
13284,722800,Camilla,Penelope,VOLCANIC_ROCK_VOUCHER_9500,SEASHELLS,720.0,8
13294,723200,Camilla,Penelope,VOLCANIC_ROCK_VOUCHER_9500,SEASHELLS,723.0,17
13295,723200,Caesar,Penelope,VOLCANIC_ROCK_VOUCHER_9500,SEASHELLS,723.0,1
13329,725000,Camilla,Caesar,VOLCANIC_ROCK_VOUCHER_9500,SEASHELLS,714.0,10
13338,725500,Penelope,Camilla,VOLCANIC_ROCK_VOUCHER_9500,SEASHELLS,708.0,11
13344,726000,Camilla,Penelope,VOLCANIC_ROCK_VOUCHER_9500,SEASHELLS,706.0,11
13359,726700,Camilla,Penelope,VOLCANIC_ROCK_VOUCHER_9500,SEASHELLS,710.0,15
13365,726800,Camilla,Pablo,VOLCANIC_ROCK_VOUCHER_9500,SEASHELLS,708.0,11
13376,727400,Camilla,Penelope,VOLCANIC_ROCK_VOUCHER_9500,SEASHELLS,710.0,15
13398,728300,Camilla,Pablo,VOLCANIC_ROCK_VOUCHER_9500,SEASHELLS,708.0,11
13439,730800,Camilla,Caesar,VOLCANIC_ROCK_VOUCHER_9500,SEASHELLS,706.0,10
13454,731400,Camilla,Caesar,VOLCANIC_ROCK_VOUCHER_9500,SEASHELLS,704.0,10
13455,731400,Caesar,Caesar,VOLCANIC_ROCK_VOUCHER_9500,SEASHELLS,704.0,2
13475,732900,Camilla,Penelope,VOLCANIC_ROCK_VOUCHER_9500,SEASHELLS,689.0,14
13532,735900,Penelope,Camilla,VOLCANIC_ROCK_VOUCHER_9500,SEASHELLS,709.0,10
13538,736000,Camilla,Penelope,VOLCANIC_ROCK_VOUCHER_9500,SEASHELLS,711.0,18
13561,737100,Camilla,Caesar,VOLCANIC_ROCK_VOUCHER_9500,SEASHELLS,710.0,13
13569,737300,Camilla,Caesar,VOLCANIC_ROCK_VOUCHER_9500,SEASHELLS,714.0,17
13632,741000,Penelope,Camilla,VOLCANIC_ROCK_VOUCHER_9500,SEASHELLS,752.0,17
13648,742100,Camilla,Pablo,VOLCANIC_ROCK_VOUCHER_9500,SEASHELLS,756.0,6
13662,742700,Camilla,Caesar,VOLCANIC_ROCK_VOUCHER_9500,SEASHELLS,748.0,10
13663,742700,Caesar,Caesar,VOLCANIC_ROCK_VOUCHER_9500,SEASHELLS,748.0,2
13694,744700,Camilla,Penelope,VOLCANIC_ROCK_VOUCHER_9500,SEASHELLS,746.0,18
13735,747100,Camilla,Caesar,VOLCANIC_ROCK_VOUCHER_9500,SEASHELLS,747.0,12
13736,747100,Caesar,Caesar,VOLCANIC_ROCK_VOUCHER_9500,SEASHELLS,747.0,2
13751,747800,Camilla,Caesar,VOLCANIC_ROCK_VOUCHER_9500,SEASHELLS,740.0,11
13781,749600,Camilla,Caesar,VOLCANIC_ROCK_VOUCHER_9500,SEASHELLS,740.0,14
13796,750200,Camilla,Penelope,VOLCANIC_ROCK_VOUCHER_9500,SEASHELLS,733.0,12
13830,752500,Camilla,Caesar,VOLCANIC_ROCK_VOUCHER_9500,SEASHELLS,742.0,10
13831,752500,Caesar,Caesar,VOLCANIC_ROCK_VOUCHER_9500,SEASHELLS,742.0,1
13867,754800,Camilla,Caesar,VOLCANIC_ROCK_VOUCHER_9500,SEASHELLS,739.0,10
13886,755400,Camilla,Pablo,VOLCANIC_ROCK_VOUCHER_9500,SEASHELLS,735.0,5
13887,755400,Penelope,Camilla,VOLCANIC_ROCK_VOUCHER_9500,SEASHELLS,736.0,11
13914,757300,Camilla,Caesar,VOLCANIC_ROCK_VOUCHER_9500,SEASHELLS,747.0,18
13977,762000,Camilla,Caesar,VOLCANIC_ROCK_VOUCHER_9500,SEASHELLS,756.0,13
13978,762000,Camilla,Pablo,VOLCANIC_ROCK_VOUCHER_9500,SEASHELLS,756.0,1
13979,762000,Caesar,Pablo,VOLCANIC_ROCK_VOUCHER_9500,SEASHELLS,756.0,1
14007,764500,Camilla,Caesar,VOLCANIC_ROCK_VOUCHER_9500,SEASHELLS,751.0,11
14015,764700,Camilla,Caesar,VOLCANIC_ROCK_VOUCHER_9500,SEASHELLS,752.0,16
14024,765300,Camilla,Pablo,VOLCANIC_ROCK_VOUCHER_9500,SEASHELLS,752.0,9
14073,768900,Penelope,Camilla,VOLCANIC_ROCK_VOUCHER_9500,SEASHELLS,799.0,10
14099,769700,Camilla,Penelope,VOLCANIC_ROCK_VOUCHER_9500,SEASHELLS,791.0,17
14100,769700,Caesar,Penelope,VOLCANIC_ROCK_VOUCHER_9500,SEASHELLS,791.0,2
14111,769800,Camilla,Pablo,VOLCANIC_ROCK_VOUCHER_9500,SEASHELLS,788.0,7
14112,769800,Camilla,Penelope,VOLCANIC_ROCK_VOUCHER_9500,SEASHELLS,788.0,4
14136,770700,Camilla,Caesar,VOLCANIC_ROCK_VOUCHER_9500,SEASHELLS,786.0,12
14175,773400,Camilla,Caesar,VOLCANIC_ROCK_VOUCHER_9500,SEASHELLS,799.0,10
14176,773400,Caesar,Caesar,VOLCANIC_ROCK_VOUCHER_9500,SEASHELLS,799.0,2
14186,773600,Camilla,Caesar,VOLCANIC_ROCK_VOUCHER_9500,SEASHELLS,795.0,10
14187,773600,Penelope,Camilla,VOLCANIC_ROCK_VOUCHER_9500,SEASHELLS,796.0,12
14188,773600,Penelope,Caesar,VOLCANIC_ROCK_VOUCHER_9500,SEASHELLS,796.0,1
14203,774100,Camilla,Caesar,VOLCANIC_ROCK_VOUCHER_9500,SEASHELLS,793.0,17
14217,775100,Camilla,Caesar,VOLCANIC_ROCK_VOUCHER_9500,SEASHELLS,798.0,15
14257,777500,Camilla,Caesar,VOLCANIC_ROCK_VOUCHER_9500,SEASHELLS,782.0,12
14305,781300,Camilla,Caesar,VOLCANIC_ROCK_VOUCHER_9500,SEASHELLS,798.0,16
14310,781400,Camilla,Caesar,VOLCANIC_ROCK_VOUCHER_9500,SEASHELLS,796.0,18
14322,781700,Camilla,Caesar,VOLCANIC_ROCK_VOUCHER_9500,SEASHELLS,790.0,12
14323,781700,Caesar,Caesar,VOLCANIC_ROCK_VOUCHER_9500,SEASHELLS,790.0,2
14369,784700,Camilla,Caesar,VOLCANIC_ROCK_VOUCHER_9500,SEASHELLS,786.0,15
14370,784700,Caesar,Caesar,VOLCANIC_ROCK_VOUCHER_9500,SEASHELLS,786.0,1
14388,785500,Camilla,Caesar,VOLCANIC_ROCK_VOUCHER_9500,SEASHELLS,778.0,15
14395,785800,Camilla,Penelope,VOLCANIC_ROCK_VOUCHER_9500,SEASHELLS,778.0,13
14404,786100,Camilla,Penelope,VOLCANIC_ROCK_VOUCHER_9500,SEASHELLS,772.0,14
14432,787800,Camilla,Caesar,VOLCANIC_ROCK_VOUCHER_9500,SEASHELLS,768.0,15
14463,789700,Camilla,Pablo,VOLCANIC_ROCK_VOUCHER_9500,SEASHELLS,780.0,6
14496,791600,Camilla,Caesar,VOLCANIC_ROCK_VOUCHER_9500,SEASHELLS,788.0,14
14497,791600,Caesar,Caesar,VOLCANIC_ROCK_VOUCHER_9500,SEASHELLS,788.0,2
14503,791700,Camilla,Pablo,VOLCANIC_ROCK_VOUCHER_9500,SEASHELLS,789.0,9
14513,792000,Camilla,Caesar,VOLCANIC_ROCK_VOUCHER_9500,SEASHELLS,788.0,10
14514,792000,Caesar,Caesar,VOLCANIC_ROCK_VOUCHER_9500,SEASHELLS,788.0,1
14533,793300,Camilla,Caesar,VOLCANIC_ROCK_VOUCHER_9500,SEASHELLS,784.0,10
14550,793600,Camilla,Caesar,VOLCANIC_ROCK_VOUCHER_9500,SEASHELLS,781.0,11
14551,793600,Caesar,Caesar,VOLCANIC_ROCK_VOUCHER_9500,SEASHELLS,781.0,2
14581,795700,Camilla,Caesar,VOLCANIC_ROCK_VOUCHER_9500,SEASHELLS,771.0,11
14582,795700,Caesar,Caesar,VOLCANIC_ROCK_VOUCHER_9500,SEASHELLS,771.0,1
14598,796300,Camilla,Caesar,VOLCANIC_ROCK_VOUCHER_9500,SEASHELLS,773.0,13
14608,796800,Camilla,Penelope,VOLCANIC_ROCK_VOUCHER_9500,SEASHELLS,774.0,11
14627,798000,Camilla,Caesar,VOLCANIC_ROCK_VOUCHER_9500,SEASHELLS,770.0,13
14628,798000,Caesar,Caesar,VOLCANIC_ROCK_VOUCHER_9500,SEASHELLS,770.0,2
14646,798500,Camilla,Caesar,VOLCANIC_ROCK_VOUCHER_9500,SEASHELLS,772.0,12
14654,799100,Camilla,Pablo,VOLCANIC_ROCK_VOUCHER_9500,SEASHELLS,781.0,7
14664,799400,Camilla,Penelope,VOLCANIC_ROCK_VOUCHER_9500,SEASHELLS,779.0,13
14680,800100,Camilla,Caesar,VOLCANIC_ROCK_VOUCHER_9500,SEASHELLS,780.0,14
14681,800100,Camilla,Penelope,VOLCANIC_ROCK_VOUCHER_9500,SEASHELLS,780.0,6
14700,802100,Camilla,Caesar,VOLCANIC_ROCK_VOUCHER_9500,SEASHELLS,771.0,13
14730,804300,Camilla,Caesar,VOLCANIC_ROCK_VOUCHER_9500,SEASHELLS,775.0,14
14731,804300,Caesar,Caesar,VOLCANIC_ROCK_VOUCHER_9500,SEASHELLS,775.0,1
14769,806700,Penelope,Camilla,VOLCANIC_ROCK_VOUCHER_9500,SEASHELLS,762.0,15
14770,806700,Penelope,Caesar,VOLCANIC_ROCK_VOUCHER_9500,SEASHELLS,762.0,1
14795,808000,Camilla,Caesar,VOLCANIC_ROCK_VOUCHER_9500,SEASHELLS,764.0,18
14817,809500,Camilla,Caesar,VOLCANIC_ROCK_VOUCHER_9500,SEASHELLS,761.0,17
14818,809500,Caesar,Caesar,VOLCANIC_ROCK_VOUCHER_9500,SEASHELLS,761.0,2
14843,810900,Camilla,Caesar,VOLCANIC_ROCK_VOUCHER_9500,SEASHELLS,766.0,12
14867,812800,Camilla,Caesar,VOLCANIC_ROCK_VOUCHER_9500,SEASHELLS,763.0,17
14880,813500,Camilla,Caesar,VOLCANIC_ROCK_VOUCHER_9500,SEASHELLS,760.0,16
14968,817900,Camilla,Caesar,VOLCANIC_ROCK_VOUCHER_9500,SEASHELLS,758.0,13
14994,819800,Penelope,Camilla,VOLCANIC_ROCK_VOUCHER_9500,SEASHELLS,781.0,13
15013,820700,Camilla,Caesar,VOLCANIC_ROCK_VOUCHER_9500,SEASHELLS,780.0,13
15042,821900,Camilla,Caesar,VOLCANIC_ROCK_VOUCHER_9500,SEASHELLS,781.0,16
15043,821900,Caesar,Caesar,VOLCANIC_ROCK_VOUCHER_9500,SEASHELLS,781.0,1
15058,822300,Camilla,Pablo,VOLCANIC_ROCK_VOUCHER_9500,SEASHELLS,779.0,7
15073,822700,Camilla,Penelope,VOLCANIC_ROCK_VOUCHER_9500,SEASHELLS,786.0,10
15074,822700,Caesar,Penelope,VOLCANIC_ROCK_VOUCHER_9500,SEASHELLS,786.0,1
15100,824200,Camilla,Caesar,VOLCANIC_ROCK_VOUCHER_9500,SEASHELLS,789.0,13
15121,825700,Camilla,Caesar,VOLCANIC_ROCK_VOUCHER_9500,SEASHELLS,776.0,10
15135,826700,Camilla,Caesar,VOLCANIC_ROCK_VOUCHER_9500,SEASHELLS,775.0,14
15157,828400,Penelope,Camilla,VOLCANIC_ROCK_VOUCHER_9500,SEASHELLS,765.0,10
15158,828400,Penelope,Caesar,VOLCANIC_ROCK_VOUCHER_9500,SEASHELLS,765.0,2
15168,829000,Camilla,Caesar,VOLCANIC_ROCK_VOUCHER_9500,SEASHELLS,754.0,11
15226,832500,Camilla,Caesar,VOLCANIC_ROCK_VOUCHER_9500,SEASHELLS,749.0,15
15227,832500,Caesar,Caesar,VOLCANIC_ROCK_VOUCHER_9500,SEASHELLS,749.0,2
15258,834400,Camilla,Caesar,VOLCANIC_ROCK_VOUCHER_9500,SEASHELLS,733.0,13
15259,834400,Caesar,Caesar,VOLCANIC_ROCK_VOUCHER_9500,SEASHELLS,733.0,1
15277,835100,Penelope,Camilla,VOLCANIC_ROCK_VOUCHER_9500,SEASHELLS,718.0,17
15287,835400,Camilla,Caesar,VOLCANIC_ROCK_VOUCHER_9500,SEASHELLS,724.0,11
15288,835400,Caesar,Caesar,VOLCANIC_ROCK_VOUCHER_9500,SEASHELLS,724.0,1
15307,835900,Camilla,Pablo,VOLCANIC_ROCK_VOUCHER_9500,SEASHELLS,725.0,14
15308,835900,Caesar,Pablo,VOLCANIC_ROCK_VOUCHER_9500,SEASHELLS,725.0,1
15354,838900,Penelope,Camilla,VOLCANIC_ROCK_VOUCHER_9500,SEASHELLS,719.0,14
15383,839900,Camilla,Caesar,VOLCANIC_ROCK_VOUCHER_9500,SEASHELLS,726.0,12
15412,842400,Camilla,Caesar,VOLCANIC_ROCK_VOUCHER_9500,SEASHELLS,731.0,11
15451,844500,Caesar,Caesar,VOLCANIC_ROCK_VOUCHER_9500,SEASHELLS,741.0,2
15461,845000,Penelope,Camilla,VOLCANIC_ROCK_VOUCHER_9500,SEASHELLS,742.0,13
15469,845100,Camilla,Caesar,VOLCANIC_ROCK_VOUCHER_9500,SEASHELLS,745.0,12
15470,845100,Caesar,Caesar,VOLCANIC_ROCK_VOUCHER_9500,SEASHELLS,745.0,1
15481,845400,Camilla,Caesar,VOLCANIC_ROCK_VOUCHER_9500,SEASHELLS,751.0,14
15490,845700,Camilla,Penelope,VOLCANIC_ROCK_VOUCHER_9500,SEASHELLS,756.0,12
15543,851000,Penelope,Camilla,VOLCANIC_ROCK_VOUCHER_9500,SEASHELLS,745.0,14
15573,852300,Camilla,Caesar,VOLCANIC_ROCK_VOUCHER_9500,SEASHELLS,744.0,14
15574,852300,Caesar,Caesar,VOLCANIC_ROCK_VOUCHER_9500,SEASHELLS,744.0,1
15575,852300,Pablo,Caesar,VOLCANIC_ROCK_VOUCHER_9500,SEASHELLS,744.0,1
15576,852300,Penelope,Camilla,VOLCANIC_ROCK_VOUCHER_9500,SEASHELLS,745.0,14
15577,852300,Penelope,Caesar,VOLCANIC_ROCK_VOUCHER_9500,SEASHELLS,745.0,1
15586,852600,Penelope,Camilla,VOLCANIC_ROCK_VOUCHER_9500,SEASHELLS,742.0,12
15596,853100,Camilla,Caesar,VOLCANIC_ROCK_VOUCHER_9500,SEASHELLS,728.0,10
15613,853800,Camilla,Caesar,VOLCANIC_ROCK_VOUCHER_9500,SEASHELLS,731.0,12
15630,855100,Camilla,Caesar,VOLCANIC_ROCK_VOUCHER_9500,SEASHELLS,737.0,17
15645,855900,Camilla,Pablo,VOLCANIC_ROCK_VOUCHER_9500,SEASHELLS,737.0,10
15681,857800,Camilla,Pablo,VOLCANIC_ROCK_VOUCHER_9500,SEASHELLS,750.0,9
15705,858900,Camilla,Caesar,VOLCANIC_ROCK_VOUCHER_9500,SEASHELLS,740.0,11
15706,858900,Caesar,Caesar,VOLCANIC_ROCK_VOUCHER_9500,SEASHELLS,740.0,2
15717,859300,Penelope,Camilla,VOLCANIC_ROCK_VOUCHER_9500,SEASHELLS,745.0,14
15718,859300,Penelope,Caesar,VOLCANIC_ROCK_VOUCHER_9500,SEASHELLS,745.0,2
15736,860000,Camilla,Caesar,VOLCANIC_ROCK_VOUCHER_9500,SEASHELLS,753.0,12
15737,860000,Caesar,Caesar,VOLCANIC_ROCK_VOUCHER_9500,SEASHELLS,753.0,2
15762,861100,Penelope,Camilla,VOLCANIC_ROCK_VOUCHER_9500,SEASHELLS,752.0,14
15807,865000,Camilla,Caesar,VOLCANIC_ROCK_VOUCHER_9500,SEASHELLS,745.0,14
15814,865100,Camilla,Caesar,VOLCANIC_ROCK_VOUCHER_9500,SEASHELLS,750.0,11
15820,865200,Camilla,Caesar,VOLCANIC_ROCK_VOUCHER_9500,SEASHELLS,752.0,10
15851,867400,Camilla,Caesar,VOLCANIC_ROCK_VOUCHER_9500,SEASHELLS,752.0,10
15879,869100,Penelope,Camilla,VOLCANIC_ROCK_VOUCHER_9500,SEASHELLS,760.0,15
15889,869500,Camilla,Caesar,VOLCANIC_ROCK_VOUCHER_9500,SEASHELLS,766.0,12
15896,869600,Camilla,Penelope,VOLCANIC_ROCK_VOUCHER_9500,SEASHELLS,766.0,10
15909,870200,Camilla,Caesar,VOLCANIC_ROCK_VOUCHER_9500,SEASHELLS,765.0,13
15919,870500,Camilla,Caesar,VOLCANIC_ROCK_VOUCHER_9500,SEASHELLS,763.0,15
15962,872500,Camilla,Penelope,VOLCANIC_ROCK_VOUCHER_9500,SEASHELLS,770.0,14
15963,872500,Caesar,Penelope,VOLCANIC_ROCK_VOUCHER_9500,SEASHELLS,770.0,2
15982,873300,Penelope,Camilla,VOLCANIC_ROCK_VOUCHER_9500,SEASHELLS,774.0,13
15998,873800,Penelope,Camilla,VOLCANIC_ROCK_VOUCHER_9500,SEASHELLS,765.0,13
15999,873800,Penelope,Caesar,VOLCANIC_ROCK_VOUCHER_9500,SEASHELLS,765.0,1
16054,877900,Camilla,Caesar,VOLCANIC_ROCK_VOUCHER_9500,SEASHELLS,759.0,12
16055,877900,Caesar,Caesar,VOLCANIC_ROCK_VOUCHER_9500,SEASHELLS,759.0,2
16119,882200,Camilla,Pablo,VOLCANIC_ROCK_VOUCHER_9500,SEASHELLS,734.0,15
16133,882700,Camilla,Caesar,VOLCANIC_ROCK_VOUCHER_9500,SEASHELLS,736.0,11
16145,883300,Camilla,Caesar,VOLCANIC_ROCK_VOUCHER_9500,SEASHELLS,732.0,10
16155,883900,Penelope,Camilla,VOLCANIC_ROCK_VOUCHER_9500,SEASHELLS,734.0,12
16163,884300,Penelope,Camilla,VOLCANIC_ROCK_VOUCHER_9500,SEASHELLS,731.0,12
16192,886300,Camilla,Caesar,VOLCANIC_ROCK_VOUCHER_9500,SEASHELLS,734.0,12
16193,886300,Caesar,Caesar,VOLCANIC_ROCK_VOUCHER_9500,SEASHELLS,734.0,1
16226,888500,Penelope,Camilla,VOLCANIC_ROCK_VOUCHER_9500,SEASHELLS,732.0,12
16238,888700,Camilla,Caesar,VOLCANIC_ROCK_VOUCHER_9500,SEASHELLS,737.0,12
16239,888700,Caesar,Caesar,VOLCANIC_ROCK_VOUCHER_9500,SEASHELLS,737.0,2
16262,889900,Camilla,Caesar,VOLCANIC_ROCK_VOUCHER_9500,SEASHELLS,748.0,15
16274,890800,Camilla,Penelope,VOLCANIC_ROCK_VOUCHER_9500,SEASHELLS,744.0,12
16282,891000,Camilla,Penelope,VOLCANIC_ROCK_VOUCHER_9500,SEASHELLS,743.0,10
16291,891300,Camilla,Caesar,VOLCANIC_ROCK_VOUCHER_9500,SEASHELLS,747.0,12
16326,893000,Camilla,Caesar,VOLCANIC_ROCK_VOUCHER_9500,SEASHELLS,760.0,11
16355,895300,Camilla,Penelope,VOLCANIC_ROCK_VOUCHER_9500,SEASHELLS,759.0,12
16402,898600,Camilla,Caesar,VOLCANIC_ROCK_VOUCHER_9500,SEASHELLS,733.0,12
16417,899600,Penelope,Camilla,VOLCANIC_ROCK_VOUCHER_9500,SEASHELLS,731.0,15
16447,901600,Camilla,Caesar,VOLCANIC_ROCK_VOUCHER_9500,SEASHELLS,728.0,12
16448,901600,Caesar,Caesar,VOLCANIC_ROCK_VOUCHER_9500,SEASHELLS,728.0,1
16468,903300,Camilla,Caesar,VOLCANIC_ROCK_VOUCHER_9500,SEASHELLS,728.0,17
16496,904500,Camilla,Caesar,VOLCANIC_ROCK_VOUCHER_9500,SEASHELLS,734.0,15
16497,904500,Caesar,Caesar,VOLCANIC_ROCK_VOUCHER_9500,SEASHELLS,734.0,2
16539,906900,Camilla,Caesar,VOLCANIC_ROCK_VOUCHER_9500,SEASHELLS,718.0,14
16600,912000,Camilla,Penelope,VOLCANIC_ROCK_VOUCHER_9500,SEASHELLS,689.0,17
16615,913100,Camilla,Caesar,VOLCANIC_ROCK_VOUCHER_9500,SEASHELLS,692.0,11
16634,913800,Camilla,Caesar,VOLCANIC_ROCK_VOUCHER_9500,SEASHELLS,697.0,15
16653,914300,Penelope,Camilla,VOLCANIC_ROCK_VOUCHER_9500,SEASHELLS,700.0,13
16678,915500,Camilla,Caesar,VOLCANIC_ROCK_VOUCHER_9500,SEASHELLS,703.0,10
16679,915500,Pablo,Caesar,VOLCANIC_ROCK_VOUCHER_9500,SEASHELLS,703.0,7
16708,916900,Camilla,Penelope,VOLCANIC_ROCK_VOUCHER_9500,SEASHELLS,699.0,13
16709,916900,Caesar,Penelope,VOLCANIC_ROCK_VOUCHER_9500,SEASHELLS,699.0,1
16724,917500,Camilla,Caesar,VOLCANIC_ROCK_VOUCHER_9500,SEASHELLS,690.0,14
16725,917500,Caesar,Caesar,VOLCANIC_ROCK_VOUCHER_9500,SEASHELLS,690.0,2
16751,919600,Camilla,Penelope,VOLCANIC_ROCK_VOUCHER_9500,SEASHELLS,696.0,17
16759,920200,Penelope,Camilla,VOLCANIC_ROCK_VOUCHER_9500,SEASHELLS,700.0,10
16784,921800,Penelope,Camilla,VOLCANIC_ROCK_VOUCHER_9500,SEASHELLS,711.0,14
16800,922400,Camilla,Pablo,VOLCANIC_ROCK_VOUCHER_9500,SEASHELLS,709.0,7
16805,922500,Camilla,Pablo,VOLCANIC_ROCK_VOUCHER_9500,SEASHELLS,712.0,12
16813,922800,Camilla,Penelope,VOLCANIC_ROCK_VOUCHER_9500,SEASHELLS,710.0,15
16834,924200,Camilla,Caesar,VOLCANIC_ROCK_VOUCHER_9500,SEASHELLS,705.0,13
16835,924200,Caesar,Caesar,VOLCANIC_ROCK_VOUCHER_9500,SEASHELLS,705.0,1
16840,924400,Penelope,Camilla,VOLCANIC_ROCK_VOUCHER_9500,SEASHELLS,706.0,13
16874,926600,Camilla,Caesar,VOLCANIC_ROCK_VOUCHER_9500,SEASHELLS,701.0,13
16893,927700,Penelope,Camilla,VOLCANIC_ROCK_VOUCHER_9500,SEASHELLS,711.0,15
16894,927700,Penelope,Caesar,VOLCANIC_ROCK_VOUCHER_9500,SEASHELLS,711.0,1
16909,928100,Camilla,Caesar,VOLCANIC_ROCK_VOUCHER_9500,SEASHELLS,712.0,15
16910,928100,Caesar,Caesar,VOLCANIC_ROCK_VOUCHER_9500,SEASHELLS,712.0,2
16920,928300,Penelope,Camilla,VOLCANIC_ROCK_VOUCHER_9500,SEASHELLS,715.0,10
16921,928300,Penelope,Caesar,VOLCANIC_ROCK_VOUCHER_9500,SEASHELLS,715.0,2
16978,931700,Camilla,Caesar,VOLCANIC_ROCK_VOUCHER_9500,SEASHELLS,692.0,15
17001,932700,Camilla,Caesar,VOLCANIC_ROCK_VOUCHER_9500,SEASHELLS,689.0,15
17025,933300,Camilla,Penelope,VOLCANIC_ROCK_VOUCHER_9500,SEASHELLS,697.0,13
17026,933300,Caesar,Penelope,VOLCANIC_ROCK_VOUCHER_9500,SEASHELLS,697.0,2
17032,933600,Camilla,Caesar,VOLCANIC_ROCK_VOUCHER_9500,SEASHELLS,700.0,10
17045,934000,Camilla,Pablo,VOLCANIC_ROCK_VOUCHER_9500,SEASHELLS,698.0,8
17049,934200,Penelope,Camilla,VOLCANIC_ROCK_VOUCHER_9500,SEASHELLS,695.0,18
17055,934300,Camilla,Caesar,VOLCANIC_ROCK_VOUCHER_9500,SEASHELLS,694.0,12
17064,934900,Penelope,Camilla,VOLCANIC_ROCK_VOUCHER_9500,SEASHELLS,703.0,18
17085,936100,Camilla,Caesar,VOLCANIC_ROCK_VOUCHER_9500,SEASHELLS,706.0,15
17097,936600,Camilla,Penelope,VOLCANIC_ROCK_VOUCHER_9500,SEASHELLS,715.0,14
17107,937300,Camilla,Penelope,VOLCANIC_ROCK_VOUCHER_9500,SEASHELLS,713.0,16
17124,937900,Camilla,Caesar,VOLCANIC_ROCK_VOUCHER_9500,SEASHELLS,720.0,17
17145,939000,Camilla,Caesar,VOLCANIC_ROCK_VOUCHER_9500,SEASHELLS,723.0,13
17175,940800,Camilla,Caesar,VOLCANIC_ROCK_VOUCHER_9500,SEASHELLS,722.0,11
17176,940800,Caesar,Caesar,VOLCANIC_ROCK_VOUCHER_9500,SEASHELLS,722.0,1
17199,942300,Camilla,Penelope,VOLCANIC_ROCK_VOUCHER_9500,SEASHELLS,717.0,10
17211,942600,Camilla,Caesar,VOLCANIC_ROCK_VOUCHER_9500,SEASHELLS,712.0,11
17233,943800,Camilla,Caesar,VOLCANIC_ROCK_VOUCHER_9500,SEASHELLS,712.0,11
17264,946300,Camilla,Caesar,VOLCANIC_ROCK_VOUCHER_9500,SEASHELLS,712.0,20
17274,947000,Camilla,Caesar,VOLCANIC_ROCK_VOUCHER_9500,SEASHELLS,716.0,13
17275,947000,Caesar,Caesar,VOLCANIC_ROCK_VOUCHER_9500,SEASHELLS,716.0,1
17283,947300,Camilla,Penelope,VOLCANIC_ROCK_VOUCHER_9500,SEASHELLS,710.0,15
17284,947300,Caesar,Penelope,VOLCANIC_ROCK_VOUCHER_9500,SEASHELLS,710.0,2
17328,949600,Camilla,Penelope,VOLCANIC_ROCK_VOUCHER_9500,SEASHELLS,733.0,11
17335,949900,Camilla,Caesar,VOLCANIC_ROCK_VOUCHER_9500,SEASHELLS,732.0,11
17360,951000,Camilla,Caesar,VOLCANIC_ROCK_VOUCHER_9500,SEASHELLS,733.0,10
17361,951000,Caesar,Caesar,VOLCANIC_ROCK_VOUCHER_9500,SEASHELLS,733.0,2
17384,952400,Caesar,Caesar,VOLCANIC_ROCK_VOUCHER_9500,SEASHELLS,733.0,1
17414,954500,Camilla,Caesar,VOLCANIC_ROCK_VOUCHER_9500,SEASHELLS,735.0,15
17475,959500,Camilla,Caesar,VOLCANIC_ROCK_VOUCHER_9500,SEASHELLS,710.0,12
17482,959900,Camilla,Caesar,VOLCANIC_ROCK_VOUCHER_9500,SEASHELLS,712.0,16
17499,960600,Camilla,Pablo,VOLCANIC_ROCK_VOUCHER_9500,SEASHELLS,712.0,9
17505,960700,Camilla,Caesar,VOLCANIC_ROCK_VOUCHER_9500,SEASHELLS,710.0,11
17506,960700,Penelope,Caesar,VOLCANIC_ROCK_VOUCHER_9500,SEASHELLS,710.0,4
17523,961600,Camilla,Caesar,VOLCANIC_ROCK_VOUCHER_9500,SEASHELLS,706.0,12
17551,963500,Camilla,Caesar,VOLCANIC_ROCK_VOUCHER_9500,SEASHELLS,707.0,17
17573,965400,Camilla,Caesar,VOLCANIC_ROCK_VOUCHER_9500,SEASHELLS,712.0,13
17574,965400,Caesar,Caesar,VOLCANIC_ROCK_VOUCHER_9500,SEASHELLS,712.0,1
17596,966400,Camilla,Pablo,VOLCANIC_ROCK_VOUCHER_9500,SEASHELLS,707.0,8
17609,967300,Penelope,Camilla,VOLCANIC_ROCK_VOUCHER_9500,SEASHELLS,702.0,11
17667,971600,Camilla,Caesar,VOLCANIC_ROCK_VOUCHER_9500,SEASHELLS,700.0,14
17668,971600,Caesar,Caesar,VOLCANIC_ROCK_VOUCHER_9500,SEASHELLS,700.0,1
17694,972800,Camilla,Pablo,VOLCANIC_ROCK_VOUCHER_9500,SEASHELLS,706.0,11
17703,973000,Camilla,Caesar,VOLCANIC_ROCK_VOUCHER_9500,SEASHELLS,703.0,16
17704,973000,Caesar,Caesar,VOLCANIC_ROCK_VOUCHER_9500,SEASHELLS,703.0,2
17726,973700,Camilla,Caesar,VOLCANIC_ROCK_VOUCHER_9500,SEASHELLS,702.0,12
17734,973800,Camilla,Caesar,VOLCANIC_ROCK_VOUCHER_9500,SEASHELLS,700.0,13
17753,974300,Camilla,Pablo,VOLCANIC_ROCK_VOUCHER_9500,SEASHELLS,704.0,14
17754,974300,Caesar,Pablo,VOLCANIC_ROCK_VOUCHER_9500,SEASHELLS,704.0,1
17761,974500,Camilla,Caesar,VOLCANIC_ROCK_VOUCHER_9500,SEASHELLS,705.0,10
17786,975500,Camilla,Caesar,VOLCANIC_ROCK_VOUCHER_9500,SEASHELLS,702.0,13
17787,975500,Caesar,Caesar,VOLCANIC_ROCK_VOUCHER_9500,SEASHELLS,702.0,2
17811,976100,Camilla,Caesar,VOLCANIC_ROCK_VOUCHER_9500,SEASHELLS,699.0,14
17812,976100,Caesar,Caesar,VOLCANIC_ROCK_VOUCHER_9500,SEASHELLS,699.0,2
17830,977000,Camilla,Caesar,VOLCANIC_ROCK_VOUCHER_9500,SEASHELLS,702.0,18
17836,977100,Camilla,Pablo,VOLCANIC_ROCK_VOUCHER_9500,SEASHELLS,703.0,12
17848,977900,Penelope,Camilla,VOLCANIC_ROCK_VOUCHER_9500,SEASHELLS,705.0,10
17870,978800,Camilla,Caesar,VOLCANIC_ROCK_VOUCHER_9500,SEASHELLS,706.0,15
17906,981100,Camilla,Caesar,VOLCANIC_ROCK_VOUCHER_9500,SEASHELLS,691.0,16
17916,981400,Camilla,Caesar,VOLCANIC_ROCK_VOUCHER_9500,SEASHELLS,695.0,14
17917,981400,Caesar,Caesar,VOLCANIC_ROCK_VOUCHER_9500,SEASHELLS,695.0,2
17972,984800,Camilla,Caesar,VOLCANIC_ROCK_VOUCHER_9500,SEASHELLS,703.0,11
18001,986700,Camilla,Caesar,VOLCANIC_ROCK_VOUCHER_9500,SEASHELLS,693.0,15
18014,987700,Camilla,Penelope,VOLCANIC_ROCK_VOUCHER_9500,SEASHELLS,687.0,12
18015,987700,Caesar,Penelope,VOLCANIC_ROCK_VOUCHER_9500,SEASHELLS,687.0,2
18021,987900,Penelope,Camilla,VOLCANIC_ROCK_VOUCHER_9500,SEASHELLS,689.0,10
18026,988200,Penelope,Camilla,VOLCANIC_ROCK_VOUCHER_9500,SEASHELLS,683.0,14
18079,992700,Camilla,Caesar,VOLCANIC_ROCK_VOUCHER_9500,SEASHELLS,677.0,11
18080,992700,Caesar,Caesar,VOLCANIC_ROCK_VOUCHER_9500,SEASHELLS,677.0,1
18108,994100,Camilla,Caesar,VOLCANIC_ROCK_VOUCHER_9500,SEASHELLS,686.0,16
18109,994100,Caesar,Caesar,VOLCANIC_ROCK_VOUCHER_9500,SEASHELLS,686.0,1
18121,994600,Camilla,Caesar,VOLCANIC_ROCK_VOUCHER_9500,SEASHELLS,684.0,11
18133,995200,Camilla,Pablo,VOLCANIC_ROCK_VOUCHER_9500,SEASHELLS,677.0,8
18141,995400,Camilla,Pablo,VOLCANIC_ROCK_VOUCHER_9500,SEASHELLS,678.0,14
18150,995800,Camilla,Caesar,VOLCANIC_ROCK_VOUCHER_9500,SEASHELLS,679.0,13
18177,997100,Camilla,Caesar,VOLCANIC_ROCK_VOUCHER_9500,SEASHELLS,676.0,13
18178,997100,Caesar,Caesar,VOLCANIC_ROCK_VOUCHER_9500,SEASHELLS,676.0,1
18188,997200,Camilla,Caesar,VOLCANIC_ROCK_VOUCHER_9500,SEASHELLS,674.0,17
18189,997200,Caesar,Caesar,VOLCANIC_ROCK_VOUCHER_9500,SEASHELLS,674.0,1
18212,997800,Camilla,Caesar,VOLCANIC_ROCK_VOUCHER_9500,SEASHELLS,673.0,13
18230,998400,Camilla,Caesar,VOLCANIC_ROCK_VOUCHER_9500,SEASHELLS,671.0,11
18246,999500,Camilla,Pablo,VOLCANIC_ROCK_VOUCHER_9500,SEASHELLS,667.0,15
18,1000800,Camilla,Pablo,VOLCANIC_ROCK_VOUCHER_9500,SEASHELLS,669.0,15
40,1001700,Penelope,Camilla,VOLCANIC_ROCK_VOUCHER_9500,SEASHELLS,676.0,13
74,1003700,Camilla,Caesar,VOLCANIC_ROCK_VOUCHER_9500,SEASHELLS,662.0,10
75,1003700,Caesar,Caesar,VOLCANIC_ROCK_VOUCHER_9500,SEASHELLS,662.0,2
147,1009000,Camilla,Caesar,VOLCANIC_ROCK_VOUCHER_9500,SEASHELLS,663.0,19
148,1009000,Caesar,Caesar,VOLCANIC_ROCK_VOUCHER_9500,SEASHELLS,663.0,1
164,1009600,Camilla,Caesar,VOLCANIC_ROCK_VOUCHER_9500,SEASHELLS,662.0,11
169,1009800,Camilla,Caesar,VOLCANIC_ROCK_VOUCHER_9500,SEASHELLS,662.0,14
189,1011400,Penelope,Camilla,VOLCANIC_ROCK_VOUCHER_9500,SEASHELLS,659.0,10
213,1012400,Camilla,Pablo,VOLCANIC_ROCK_VOUCHER_9500,SEASHELLS,613.0,11
228,1013300,Penelope,Camilla,VOLCANIC_ROCK_VOUCHER_9500,SEASHELLS,621.0,11
240,1013900,Camilla,Caesar,VOLCANIC_ROCK_VOUCHER_9500,SEASHELLS,629.0,16
241,1013900,Caesar,Caesar,VOLCANIC_ROCK_VOUCHER_9500,SEASHELLS,629.0,1
250,1014200,Camilla,Caesar,VOLCANIC_ROCK_VOUCHER_9500,SEASHELLS,627.0,12
276,1015400,Camilla,Pablo,VOLCANIC_ROCK_VOUCHER_9500,SEASHELLS,632.0,6
305,1017200,Camilla,Caesar,VOLCANIC_ROCK_VOUCHER_9500,SEASHELLS,639.0,16
306,1017200,Caesar,Caesar,VOLCANIC_ROCK_VOUCHER_9500,SEASHELLS,639.0,2
333,1019300,Camilla,Caesar,VOLCANIC_ROCK_VOUCHER_9500,SEASHELLS,636.0,11
374,1022300,Camilla,Pablo,VOLCANIC_ROCK_VOUCHER_9500,SEASHELLS,642.0,12
381,1022500,Camilla,Pablo,VOLCANIC_ROCK_VOUCHER_9500,SEASHELLS,641.0,7
391,1022600,Camilla,Caesar,VOLCANIC_ROCK_VOUCHER_9500,SEASHELLS,641.0,13
392,1022600,Caesar,Caesar,VOLCANIC_ROCK_VOUCHER_9500,SEASHELLS,641.0,1
413,1024000,Camilla,Caesar,VOLCANIC_ROCK_VOUCHER_9500,SEASHELLS,642.0,16
454,1026200,Camilla,Caesar,VOLCANIC_ROCK_VOUCHER_9500,SEASHELLS,637.0,12
455,1026200,Caesar,Caesar,VOLCANIC_ROCK_VOUCHER_9500,SEASHELLS,637.0,1
468,1026600,Camilla,Pablo,VOLCANIC_ROCK_VOUCHER_9500,SEASHELLS,637.0,7
483,1027300,Camilla,Caesar,VOLCANIC_ROCK_VOUCHER_9500,SEASHELLS,644.0,13
499,1028000,Camilla,Penelope,VOLCANIC_ROCK_VOUCHER_9500,SEASHELLS,652.0,14
500,1028000,Caesar,Penelope,VOLCANIC_ROCK_VOUCHER_9500,SEASHELLS,652.0,1
524,1029300,Camilla,Caesar,VOLCANIC_ROCK_VOUCHER_9500,SEASHELLS,655.0,14
529,1029500,Camilla,Pablo,VOLCANIC_ROCK_VOUCHER_9500,SEASHELLS,657.0,8
548,1030400,Camilla,Penelope,VOLCANIC_ROCK_VOUCHER_9500,SEASHELLS,650.0,16
549,1030400,Caesar,Penelope,VOLCANIC_ROCK_VOUCHER_9500,SEASHELLS,650.0,1
563,1030800,Camilla,Caesar,VOLCANIC_ROCK_VOUCHER_9500,SEASHELLS,643.0,17
564,1030800,Caesar,Caesar,VOLCANIC_ROCK_VOUCHER_9500,SEASHELLS,643.0,2
576,1031100,Camilla,Pablo,VOLCANIC_ROCK_VOUCHER_9500,SEASHELLS,638.0,6
622,1033900,Camilla,Penelope,VOLCANIC_ROCK_VOUCHER_9500,SEASHELLS,632.0,14
644,1035000,Camilla,Caesar,VOLCANIC_ROCK_VOUCHER_9500,SEASHELLS,627.0,13
651,1035400,Camilla,Caesar,VOLCANIC_ROCK_VOUCHER_9500,SEASHELLS,634.0,14
660,1035800,Camilla,Penelope,VOLCANIC_ROCK_VOUCHER_9500,SEASHELLS,629.0,16
661,1035800,Caesar,Penelope,VOLCANIC_ROCK_VOUCHER_9500,SEASHELLS,629.0,2
673,1036500,Camilla,Pablo,VOLCANIC_ROCK_VOUCHER_9500,SEASHELLS,632.0,6
683,1037000,Camilla,Pablo,VOLCANIC_ROCK_VOUCHER_9500,SEASHELLS,628.0,6
694,1037200,Camilla,Caesar,VOLCANIC_ROCK_VOUCHER_9500,SEASHELLS,630.0,15
695,1037200,Camilla,Pablo,VOLCANIC_ROCK_VOUCHER_9500,SEASHELLS,630.0,4
736,1040200,Camilla,Penelope,VOLCANIC_ROCK_VOUCHER_9500,SEASHELLS,631.0,13
764,1041700,Camilla,Caesar,VOLCANIC_ROCK_VOUCHER_9500,SEASHELLS,633.0,13
765,1041700,Caesar,Caesar,VOLCANIC_ROCK_VOUCHER_9500,SEASHELLS,633.0,2
789,1042600,Camilla,Caesar,VOLCANIC_ROCK_VOUCHER_9500,SEASHELLS,633.0,11
790,1042600,Caesar,Caesar,VOLCANIC_ROCK_VOUCHER_9500,SEASHELLS,633.0,1
791,1042600,Penelope,Caesar,VOLCANIC_ROCK_VOUCHER_9500,SEASHELLS,633.0,5
801,1043000,Camilla,Penelope,VOLCANIC_ROCK_VOUCHER_9500,SEASHELLS,632.0,15
824,1044000,Camilla,Caesar,VOLCANIC_ROCK_VOUCHER_9500,SEASHELLS,639.0,12
825,1044000,Caesar,Caesar,VOLCANIC_ROCK_VOUCHER_9500,SEASHELLS,639.0,1
835,1044200,Camilla,Pablo,VOLCANIC_ROCK_VOUCHER_9500,SEASHELLS,642.0,12
846,1044400,Camilla,Pablo,VOLCANIC_ROCK_VOUCHER_9500,SEASHELLS,649.0,10
847,1044400,Caesar,Pablo,VOLCANIC_ROCK_VOUCHER_9500,SEASHELLS,649.0,2
871,1045300,Camilla,Caesar,VOLCANIC_ROCK_VOUCHER_9500,SEASHELLS,630.0,17
872,1045300,Caesar,Caesar,VOLCANIC_ROCK_VOUCHER_9500,SEASHELLS,630.0,1
887,1045700,Camilla,Pablo,VOLCANIC_ROCK_VOUCHER_9500,SEASHELLS,630.0,11
888,1045700,Caesar,Pablo,VOLCANIC_ROCK_VOUCHER_9500,SEASHELLS,630.0,2
896,1046000,Penelope,Camilla,VOLCANIC_ROCK_VOUCHER_9500,SEASHELLS,636.0,12
903,1046200,Penelope,Camilla,VOLCANIC_ROCK_VOUCHER_9500,SEASHELLS,640.0,16
939,1048900,Penelope,Camilla,VOLCANIC_ROCK_VOUCHER_9500,SEASHELLS,653.0,12
945,1049200,Camilla,Penelope,VOLCANIC_ROCK_VOUCHER_9500,SEASHELLS,655.0,14
946,1049200,Caesar,Penelope,VOLCANIC_ROCK_VOUCHER_9500,SEASHELLS,655.0,1
986,1051900,Camilla,Caesar,VOLCANIC_ROCK_VOUCHER_9500,SEASHELLS,654.0,10
997,1052100,Camilla,Caesar,VOLCANIC_ROCK_VOUCHER_9500,SEASHELLS,657.0,13
998,1052100,Caesar,Caesar,VOLCANIC_ROCK_VOUCHER_9500,SEASHELLS,657.0,2
1018,1052800,Camilla,Caesar,VOLCANIC_ROCK_VOUCHER_9500,SEASHELLS,652.0,12
1019,1052800,Caesar,Caesar,VOLCANIC_ROCK_VOUCHER_9500,SEASHELLS,652.0,2
1031,1053700,Penelope,Camilla,VOLCANIC_ROCK_VOUCHER_9500,SEASHELLS,655.0,13
1046,1054700,Camilla,Caesar,VOLCANIC_ROCK_VOUCHER_9500,SEASHELLS,654.0,11
1047,1054700,Caesar,Caesar,VOLCANIC_ROCK_VOUCHER_9500,SEASHELLS,654.0,1
1076,1056000,Camilla,Pablo,VOLCANIC_ROCK_VOUCHER_9500,SEASHELLS,637.0,7
1084,1056200,Camilla,Caesar,VOLCANIC_ROCK_VOUCHER_9500,SEASHELLS,638.0,12
1094,1057100,Penelope,Camilla,VOLCANIC_ROCK_VOUCHER_9500,SEASHELLS,641.0,11
1107,1057400,Camilla,Caesar,VOLCANIC_ROCK_VOUCHER_9500,SEASHELLS,644.0,13
1108,1057400,Caesar,Caesar,VOLCANIC_ROCK_VOUCHER_9500,SEASHELLS,644.0,2
1138,1059700,Camilla,Penelope,VOLCANIC_ROCK_VOUCHER_9500,SEASHELLS,655.0,16
1185,1062700,Camilla,Penelope,VOLCANIC_ROCK_VOUCHER_9500,SEASHELLS,659.0,14
1222,1064900,Camilla,Caesar,VOLCANIC_ROCK_VOUCHER_9500,SEASHELLS,656.0,10
1238,1065800,Camilla,Penelope,VOLCANIC_ROCK_VOUCHER_9500,SEASHELLS,652.0,14
1239,1065800,Caesar,Penelope,VOLCANIC_ROCK_VOUCHER_9500,SEASHELLS,652.0,2
1251,1065900,Camilla,Caesar,VOLCANIC_ROCK_VOUCHER_9500,SEASHELLS,653.0,11
1252,1065900,Caesar,Caesar,VOLCANIC_ROCK_VOUCHER_9500,SEASHELLS,653.0,1
1266,1066500,Camilla,Caesar,VOLCANIC_ROCK_VOUCHER_9500,SEASHELLS,650.0,15
1267,1066500,Caesar,Caesar,VOLCANIC_ROCK_VOUCHER_9500,SEASHELLS,650.0,1
1295,1068600,Penelope,Camilla,VOLCANIC_ROCK_VOUCHER_9500,SEASHELLS,654.0,13
1296,1068600,Penelope,Caesar,VOLCANIC_ROCK_VOUCHER_9500,SEASHELLS,654.0,1
1317,1070000,Penelope,Camilla,VOLCANIC_ROCK_VOUCHER_9500,SEASHELLS,659.0,16
1318,1070000,Penelope,Caesar,VOLCANIC_ROCK_VOUCHER_9500,SEASHELLS,659.0,2
1327,1070200,Camilla,Caesar,VOLCANIC_ROCK_VOUCHER_9500,SEASHELLS,662.0,14
1328,1070200,Caesar,Caesar,VOLCANIC_ROCK_VOUCHER_9500,SEASHELLS,662.0,2
1347,1071500,Camilla,Penelope,VOLCANIC_ROCK_VOUCHER_9500,SEASHELLS,659.0,11
1362,1072700,Penelope,Camilla,VOLCANIC_ROCK_VOUCHER_9500,SEASHELLS,659.0,11
1375,1072900,Camilla,Pablo,VOLCANIC_ROCK_VOUCHER_9500,SEASHELLS,661.0,6
1378,1073000,Penelope,Camilla,VOLCANIC_ROCK_VOUCHER_9500,SEASHELLS,667.0,10
1383,1073100,Camilla,Caesar,VOLCANIC_ROCK_VOUCHER_9500,SEASHELLS,664.0,10
1400,1074300,Camilla,Pablo,VOLCANIC_ROCK_VOUCHER_9500,SEASHELLS,667.0,8
1407,1074900,Camilla,Penelope,VOLCANIC_ROCK_VOUCHER_9500,SEASHELLS,667.0,14
1431,1077100,Camilla,Caesar,VOLCANIC_ROCK_VOUCHER_9500,SEASHELLS,654.0,11
1447,1078900,Camilla,Caesar,VOLCANIC_ROCK_VOUCHER_9500,SEASHELLS,648.0,13
1454,1079400,Camilla,Penelope,VOLCANIC_ROCK_VOUCHER_9500,SEASHELLS,654.0,16
1462,1079500,Camilla,Caesar,VOLCANIC_ROCK_VOUCHER_9500,SEASHELLS,653.0,13
1463,1079500,Caesar,Caesar,VOLCANIC_ROCK_VOUCHER_9500,SEASHELLS,653.0,1
1472,1079700,Camilla,Caesar,VOLCANIC_ROCK_VOUCHER_9500,SEASHELLS,653.0,13
1480,1079900,Camilla,Caesar,VOLCANIC_ROCK_VOUCHER_9500,SEASHELLS,653.0,11
1520,1082800,Camilla,Caesar,VOLCANIC_ROCK_VOUCHER_9500,SEASHELLS,658.0,14
1521,1082800,Caesar,Caesar,VOLCANIC_ROCK_VOUCHER_9500,SEASHELLS,658.0,2
1537,1083100,Camilla,Caesar,VOLCANIC_ROCK_VOUCHER_9500,SEASHELLS,664.0,12
1549,1083600,Camilla,Caesar,VOLCANIC_ROCK_VOUCHER_9500,SEASHELLS,665.0,13
1568,1085200,Camilla,Caesar,VOLCANIC_ROCK_VOUCHER_9500,SEASHELLS,664.0,16
1631,1089400,Camilla,Caesar,VOLCANIC_ROCK_VOUCHER_9500,SEASHELLS,679.0,14
1637,1089500,Camilla,Caesar,VOLCANIC_ROCK_VOUCHER_9500,SEASHELLS,677.0,12
1653,1090100,Camilla,Pablo,VOLCANIC_ROCK_VOUCHER_9500,SEASHELLS,675.0,11
1679,1091300,Camilla,Pablo,VOLCANIC_ROCK_VOUCHER_9500,SEASHELLS,675.0,12
1680,1091300,Caesar,Pablo,VOLCANIC_ROCK_VOUCHER_9500,SEASHELLS,675.0,1
1700,1091800,Camilla,Caesar,VOLCANIC_ROCK_VOUCHER_9500,SEASHELLS,675.0,13
1701,1091800,Caesar,Caesar,VOLCANIC_ROCK_VOUCHER_9500,SEASHELLS,675.0,1
1761,1096700,Camilla,Caesar,VOLCANIC_ROCK_VOUCHER_9500,SEASHELLS,676.0,19
1762,1096700,Caesar,Caesar,VOLCANIC_ROCK_VOUCHER_9500,SEASHELLS,676.0,1
1772,1097200,Camilla,Caesar,VOLCANIC_ROCK_VOUCHER_9500,SEASHELLS,678.0,12
1785,1097600,Camilla,Penelope,VOLCANIC_ROCK_VOUCHER_9500,SEASHELLS,678.0,18
1805,1098500,Camilla,Caesar,VOLCANIC_ROCK_VOUCHER_9500,SEASHELLS,681.0,15
1820,1099300,Camilla,Pablo,VOLCANIC_ROCK_VOUCHER_9500,SEASHELLS,674.0,10
1831,1099900,Camilla,Caesar,VOLCANIC_ROCK_VOUCHER_9500,SEASHELLS,677.0,10
1854,1101100,Camilla,Caesar,VOLCANIC_ROCK_VOUCHER_9500,SEASHELLS,673.0,16
1875,1101900,Camilla,Caesar,VOLCANIC_ROCK_VOUCHER_9500,SEASHELLS,668.0,18
1876,1101900,Caesar,Caesar,VOLCANIC_ROCK_VOUCHER_9500,SEASHELLS,668.0,1
1888,1102400,Camilla,Penelope,VOLCANIC_ROCK_VOUCHER_9500,SEASHELLS,673.0,11
1889,1102400,Caesar,Penelope,VOLCANIC_ROCK_VOUCHER_9500,SEASHELLS,673.0,2
1895,1102500,Camilla,Penelope,VOLCANIC_ROCK_VOUCHER_9500,SEASHELLS,675.0,14
1896,1102500,Caesar,Penelope,VOLCANIC_ROCK_VOUCHER_9500,SEASHELLS,675.0,1
1897,1102500,Caesar,Penelope,VOLCANIC_ROCK_VOUCHER_9500,SEASHELLS,675.0,3
1928,1103900,Camilla,Caesar,VOLCANIC_ROCK_VOUCHER_9500,SEASHELLS,671.0,18
1963,1105800,Camilla,Caesar,VOLCANIC_ROCK_VOUCHER_9500,SEASHELLS,664.0,16
1974,1106000,Camilla,Caesar,VOLCANIC_ROCK_VOUCHER_9500,SEASHELLS,665.0,13
1975,1106000,Caesar,Caesar,VOLCANIC_ROCK_VOUCHER_9500,SEASHELLS,665.0,1
1994,1106900,Camilla,Pablo,VOLCANIC_ROCK_VOUCHER_9500,SEASHELLS,670.0,12
2036,1109900,Camilla,Penelope,VOLCANIC_ROCK_VOUCHER_9500,SEASHELLS,666.0,15
2037,1109900,Caesar,Penelope,VOLCANIC_ROCK_VOUCHER_9500,SEASHELLS,666.0,1
2045,1110200,Camilla,Caesar,VOLCANIC_ROCK_VOUCHER_9500,SEASHELLS,666.0,16
2061,1111200,Penelope,Camilla,VOLCANIC_ROCK_VOUCHER_9500,SEASHELLS,666.0,10
2071,1111900,Camilla,Penelope,VOLCANIC_ROCK_VOUCHER_9500,SEASHELLS,662.0,15
2072,1111900,Caesar,Penelope,VOLCANIC_ROCK_VOUCHER_9500,SEASHELLS,662.0,1
2081,1112100,Penelope,Camilla,VOLCANIC_ROCK_VOUCHER_9500,SEASHELLS,663.0,10
2116,1114500,Camilla,Caesar,VOLCANIC_ROCK_VOUCHER_9500,SEASHELLS,667.0,14
2125,1114900,Camilla,Caesar,VOLCANIC_ROCK_VOUCHER_9500,SEASHELLS,663.0,10
2126,1114900,Caesar,Caesar,VOLCANIC_ROCK_VOUCHER_9500,SEASHELLS,663.0,1
2134,1115000,Camilla,Caesar,VOLCANIC_ROCK_VOUCHER_9500,SEASHELLS,663.0,11
2170,1118200,Camilla,Caesar,VOLCANIC_ROCK_VOUCHER_9500,SEASHELLS,666.0,11
2171,1118200,Penelope,Camilla,VOLCANIC_ROCK_VOUCHER_9500,SEASHELLS,667.0,16
2192,1119500,Camilla,Caesar,VOLCANIC_ROCK_VOUCHER_9500,SEASHELLS,662.0,10
2193,1119500,Caesar,Caesar,VOLCANIC_ROCK_VOUCHER_9500,SEASHELLS,662.0,2
2225,1121400,Camilla,Caesar,VOLCANIC_ROCK_VOUCHER_9500,SEASHELLS,665.0,16
2249,1123400,Camilla,Caesar,VOLCANIC_ROCK_VOUCHER_9500,SEASHELLS,673.0,15
2261,1123800,Camilla,Caesar,VOLCANIC_ROCK_VOUCHER_9500,SEASHELLS,679.0,19
2268,1124000,Camilla,Caesar,VOLCANIC_ROCK_VOUCHER_9500,SEASHELLS,678.0,10
2276,1124200,Camilla,Caesar,VOLCANIC_ROCK_VOUCHER_9500,SEASHELLS,677.0,11
2281,1124400,Camilla,Pablo,VOLCANIC_ROCK_VOUCHER_9500,SEASHELLS,679.0,5
2289,1124500,Camilla,Caesar,VOLCANIC_ROCK_VOUCHER_9500,SEASHELLS,681.0,11
2293,1124600,Camilla,Caesar,VOLCANIC_ROCK_VOUCHER_9500,SEASHELLS,680.0,15
2321,1126400,Camilla,Caesar,VOLCANIC_ROCK_VOUCHER_9500,SEASHELLS,682.0,20
2362,1128800,Camilla,Caesar,VOLCANIC_ROCK_VOUCHER_9500,SEASHELLS,681.0,12
2396,1130100,Camilla,Caesar,VOLCANIC_ROCK_VOUCHER_9500,SEASHELLS,683.0,11
2397,1130100,Caesar,Caesar,VOLCANIC_ROCK_VOUCHER_9500,SEASHELLS,683.0,1
2424,1131300,Camilla,Penelope,VOLCANIC_ROCK_VOUCHER_9500,SEASHELLS,690.0,13
2425,1131300,Caesar,Penelope,VOLCANIC_ROCK_VOUCHER_9500,SEASHELLS,690.0,2
2444,1131900,Camilla,Caesar,VOLCANIC_ROCK_VOUCHER_9500,SEASHELLS,687.0,14
2505,1135300,Camilla,Caesar,VOLCANIC_ROCK_VOUCHER_9500,SEASHELLS,696.0,13
2542,1137800,Camilla,Caesar,VOLCANIC_ROCK_VOUCHER_9500,SEASHELLS,691.0,16
2568,1138800,Camilla,Caesar,VOLCANIC_ROCK_VOUCHER_9500,SEASHELLS,692.0,14
2569,1138800,Caesar,Caesar,VOLCANIC_ROCK_VOUCHER_9500,SEASHELLS,692.0,2
2590,1140400,Camilla,Pablo,VOLCANIC_ROCK_VOUCHER_9500,SEASHELLS,689.0,5
2606,1141100,Penelope,Camilla,VOLCANIC_ROCK_VOUCHER_9500,SEASHELLS,686.0,10
2607,1141100,Penelope,Caesar,VOLCANIC_ROCK_VOUCHER_9500,SEASHELLS,686.0,2
2630,1141900,Camilla,Caesar,VOLCANIC_ROCK_VOUCHER_9500,SEASHELLS,679.0,10
2661,1142800,Camilla,Caesar,VOLCANIC_ROCK_VOUCHER_9500,SEASHELLS,677.0,14
2662,1142800,Camilla,Penelope,VOLCANIC_ROCK_VOUCHER_9500,SEASHELLS,677.0,4
2663,1142800,Caesar,Penelope,VOLCANIC_ROCK_VOUCHER_9500,SEASHELLS,677.0,1
2677,1143100,Camilla,Caesar,VOLCANIC_ROCK_VOUCHER_9500,SEASHELLS,680.0,12
2678,1143100,Caesar,Caesar,VOLCANIC_ROCK_VOUCHER_9500,SEASHELLS,680.0,2
2691,1143300,Camilla,Caesar,VOLCANIC_ROCK_VOUCHER_9500,SEASHELLS,676.0,18
2692,1143300,Caesar,Caesar,VOLCANIC_ROCK_VOUCHER_9500,SEASHELLS,676.0,1
2702,1143400,Camilla,Caesar,VOLCANIC_ROCK_VOUCHER_9500,SEASHELLS,674.0,12
2703,1143400,Caesar,Caesar,VOLCANIC_ROCK_VOUCHER_9500,SEASHELLS,674.0,2
2725,1144300,Camilla,Penelope,VOLCANIC_ROCK_VOUCHER_9500,SEASHELLS,672.0,16
2786,1147700,Camilla,Pablo,VOLCANIC_ROCK_VOUCHER_9500,SEASHELLS,665.0,9
2800,1148200,Camilla,Pablo,VOLCANIC_ROCK_VOUCHER_9500,SEASHELLS,663.0,11
2826,1149300,Camilla,Caesar,VOLCANIC_ROCK_VOUCHER_9500,SEASHELLS,658.0,10
2827,1149300,Caesar,Caesar,VOLCANIC_ROCK_VOUCHER_9500,SEASHELLS,658.0,1
2835,1149800,Camilla,Caesar,VOLCANIC_ROCK_VOUCHER_9500,SEASHELLS,658.0,10
2848,1150700,Camilla,Pablo,VOLCANIC_ROCK_VOUCHER_9500,SEASHELLS,661.0,9
2883,1152500,Camilla,Caesar,VOLCANIC_ROCK_VOUCHER_9500,SEASHELLS,659.0,16
2889,1152700,Camilla,Penelope,VOLCANIC_ROCK_VOUCHER_9500,SEASHELLS,657.0,11
2905,1153400,Penelope,Camilla,VOLCANIC_ROCK_VOUCHER_9500,SEASHELLS,665.0,10
2967,1158400,Penelope,Camilla,VOLCANIC_ROCK_VOUCHER_9500,SEASHELLS,665.0,10
2968,1158400,Penelope,Caesar,VOLCANIC_ROCK_VOUCHER_9500,SEASHELLS,665.0,2
2998,1160100,Camilla,Caesar,VOLCANIC_ROCK_VOUCHER_9500,SEASHELLS,659.0,16
3015,1161200,Camilla,Pablo,VOLCANIC_ROCK_VOUCHER_9500,SEASHELLS,655.0,10
3024,1161300,Caesar,Pablo,VOLCANIC_ROCK_VOUCHER_9500,SEASHELLS,658.0,1
3025,1161300,Camilla,Pablo,VOLCANIC_ROCK_VOUCHER_9500,SEASHELLS,657.0,11
3032,1161500,Caesar,Pablo,VOLCANIC_ROCK_VOUCHER_9500,SEASHELLS,656.0,1
3033,1161500,Camilla,Pablo,VOLCANIC_ROCK_VOUCHER_9500,SEASHELLS,655.0,7
3052,1162600,Camilla,Caesar,VOLCANIC_ROCK_VOUCHER_9500,SEASHELLS,657.0,14
3059,1162800,Camilla,Pablo,VOLCANIC_ROCK_VOUCHER_9500,SEASHELLS,657.0,5
3069,1163200,Camilla,Caesar,VOLCANIC_ROCK_VOUCHER_9500,SEASHELLS,654.0,11
3080,1164000,Penelope,Camilla,VOLCANIC_ROCK_VOUCHER_9500,SEASHELLS,658.0,11
3095,1164700,Camilla,Pablo,VOLCANIC_ROCK_VOUCHER_9500,SEASHELLS,661.0,11
3096,1164700,Caesar,Pablo,VOLCANIC_ROCK_VOUCHER_9500,SEASHELLS,661.0,1
3097,1164700,Caesar,Pablo,VOLCANIC_ROCK_VOUCHER_9500,SEASHELLS,661.0,2
3107,1164800,Camilla,Caesar,VOLCANIC_ROCK_VOUCHER_9500,SEASHELLS,658.0,11
3108,1164800,Caesar,Caesar,VOLCANIC_ROCK_VOUCHER_9500,SEASHELLS,658.0,2
3123,1165100,Camilla,Caesar,VOLCANIC_ROCK_VOUCHER_9500,SEASHELLS,660.0,13
3124,1165100,Caesar,Caesar,VOLCANIC_ROCK_VOUCHER_9500,SEASHELLS,660.0,1
3136,1165200,Camilla,Caesar,VOLCANIC_ROCK_VOUCHER_9500,SEASHELLS,660.0,10
3137,1165200,Caesar,Caesar,VOLCANIC_ROCK_VOUCHER_9500,SEASHELLS,660.0,2
3149,1165600,Camilla,Caesar,VOLCANIC_ROCK_VOUCHER_9500,SEASHELLS,658.0,15
3157,1165900,Camilla,Penelope,VOLCANIC_ROCK_VOUCHER_9500,SEASHELLS,661.0,11
3178,1166700,Camilla,Caesar,VOLCANIC_ROCK_VOUCHER_9500,SEASHELLS,659.0,14
3191,1167600,Camilla,Pablo,VOLCANIC_ROCK_VOUCHER_9500,SEASHELLS,665.0,11
3197,1167800,Camilla,Caesar,VOLCANIC_ROCK_VOUCHER_9500,SEASHELLS,667.0,10
3236,1170000,Camilla,Caesar,VOLCANIC_ROCK_VOUCHER_9500,SEASHELLS,674.0,10
3237,1170000,Caesar,Caesar,VOLCANIC_ROCK_VOUCHER_9500,SEASHELLS,674.0,1
3248,1170400,Camilla,Caesar,VOLCANIC_ROCK_VOUCHER_9500,SEASHELLS,673.0,16
3249,1170400,Caesar,Caesar,VOLCANIC_ROCK_VOUCHER_9500,SEASHELLS,673.0,2
3258,1170700,Camilla,Caesar,VOLCANIC_ROCK_VOUCHER_9500,SEASHELLS,674.0,17
3287,1172100,Camilla,Pablo,VOLCANIC_ROCK_VOUCHER_9500,SEASHELLS,671.0,8
3295,1172300,Camilla,Penelope,VOLCANIC_ROCK_VOUCHER_9500,SEASHELLS,670.0,15
3305,1172700,Camilla,Caesar,VOLCANIC_ROCK_VOUCHER_9500,SEASHELLS,668.0,19
3335,1174200,Camilla,Caesar,VOLCANIC_ROCK_VOUCHER_9500,SEASHELLS,670.0,15
3336,1174200,Caesar,Caesar,VOLCANIC_ROCK_VOUCHER_9500,SEASHELLS,670.0,1
3370,1175700,Camilla,Penelope,VOLCANIC_ROCK_VOUCHER_9500,SEASHELLS,681.0,16
3395,1176500,Camilla,Caesar,VOLCANIC_ROCK_VOUCHER_9500,SEASHELLS,680.0,13
3396,1176500,Caesar,Caesar,VOLCANIC_ROCK_VOUCHER_9500,SEASHELLS,680.0,1
3397,1176500,Pablo,Caesar,VOLCANIC_ROCK_VOUCHER_9500,SEASHELLS,680.0,2
3408,1177100,Camilla,Caesar,VOLCANIC_ROCK_VOUCHER_9500,SEASHELLS,677.0,14
3440,1179100,Camilla,Caesar,VOLCANIC_ROCK_VOUCHER_9500,SEASHELLS,662.0,11
3455,1179700,Camilla,Caesar,VOLCANIC_ROCK_VOUCHER_9500,SEASHELLS,664.0,14
3469,1180200,Camilla,Caesar,VOLCANIC_ROCK_VOUCHER_9500,SEASHELLS,663.0,16
3470,1180200,Caesar,Caesar,VOLCANIC_ROCK_VOUCHER_9500,SEASHELLS,663.0,1
3508,1182100,Camilla,Pablo,VOLCANIC_ROCK_VOUCHER_9500,SEASHELLS,663.0,6
