,timestamp,buyer,seller,symbol,currency,price,quantity
46,3500,Camilla,Caesar,VOLCANIC_ROCK_VOUCHER_9750,SEASHELLS,473.0,14
47,3500,Caesar,Caesar,VOLCANIC_ROCK_VOUCHER_9750,SEASHELLS,473.0,2
55,4200,Camilla,Pablo,VOLCANIC_ROCK_VOUCHER_9750,SEASHELLS,465.0,7
65,4800,Penelope,Camilla,VOLCANIC_ROCK_VOUCHER_9750,SEASHELLS,468.0,15
101,7000,Penelope,Camilla,VOLCANIC_ROCK_VOUCHER_9750,SEASHELLS,477.0,15
113,7600,Camilla,Caesar,VOLCANIC_ROCK_VOUCHER_9750,SEASHELLS,478.0,13
138,9400,Camilla,Pablo,VOLCANIC_ROCK_VOUCHER_9750,SEASHELLS,474.0,10
179,12500,Camilla,Caesar,VOLCANIC_ROCK_VOUCHER_9750,SEASHELLS,451.0,18
219,15000,Camilla,Caesar,VOLCANIC_ROCK_VOUCHER_9750,SEASHELLS,449.0,17
253,17300,Camilla,Pablo,VOLCANIC_ROCK_VOUCHER_9750,SEASHELLS,446.0,9
261,17900,Camilla,Pablo,VOLCANIC_ROCK_VOUCHER_9750,SEASHELLS,449.0,14
287,19400,Camilla,Caesar,VOLCANIC_ROCK_VOUCHER_9750,SEASHELLS,452.0,17
317,21000,Camilla,Caesar,VOLCANIC_ROCK_VOUCHER_9750,SEASHELLS,452.0,12
326,21300,Camilla,Caesar,VOLCANIC_ROCK_VOUCHER_9750,SEASHELLS,457.0,14
330,21400,Camilla,Penelope,VOLCANIC_ROCK_VOUCHER_9750,SEASHELLS,455.0,17
363,22800,Camilla,Caesar,VOLCANIC_ROCK_VOUCHER_9750,SEASHELLS,460.0,17
364,22800,Caesar,Caesar,VOLCANIC_ROCK_VOUCHER_9750,SEASHELLS,460.0,1
383,24100,Camilla,Caesar,VOLCANIC_ROCK_VOUCHER_9750,SEASHELLS,453.0,15
412,26400,Camilla,Caesar,VOLCANIC_ROCK_VOUCHER_9750,SEASHELLS,453.0,10
425,27100,Camilla,Caesar,VOLCANIC_ROCK_VOUCHER_9750,SEASHELLS,453.0,11
435,27800,Camilla,Caesar,VOLCANIC_ROCK_VOUCHER_9750,SEASHELLS,448.0,15
460,29500,Camilla,Caesar,VOLCANIC_ROCK_VOUCHER_9750,SEASHELLS,439.0,11
479,30700,Penelope,Camilla,VOLCANIC_ROCK_VOUCHER_9750,SEASHELLS,436.0,12
491,31200,Camilla,Penelope,VOLCANIC_ROCK_VOUCHER_9750,SEASHELLS,433.0,11
507,31800,Camilla,Caesar,VOLCANIC_ROCK_VOUCHER_9750,SEASHELLS,435.0,16
508,31800,Caesar,Caesar,VOLCANIC_ROCK_VOUCHER_9750,SEASHELLS,435.0,1
522,32600,Penelope,Camilla,VOLCANIC_ROCK_VOUCHER_9750,SEASHELLS,434.0,17
553,34800,Camilla,Caesar,VOLCANIC_ROCK_VOUCHER_9750,SEASHELLS,442.0,10
568,35600,Camilla,Caesar,VOLCANIC_ROCK_VOUCHER_9750,SEASHELLS,445.0,14
584,36800,Camilla,Pablo,VOLCANIC_ROCK_VOUCHER_9750,SEASHELLS,443.0,12
585,36800,Caesar,Pablo,VOLCANIC_ROCK_VOUCHER_9750,SEASHELLS,443.0,2
609,38100,Camilla,Caesar,VOLCANIC_ROCK_VOUCHER_9750,SEASHELLS,445.0,13
631,40300,Camilla,Penelope,VOLCANIC_ROCK_VOUCHER_9750,SEASHELLS,448.0,10
643,41200,Camilla,Caesar,VOLCANIC_ROCK_VOUCHER_9750,SEASHELLS,445.0,11
670,43600,Camilla,Caesar,VOLCANIC_ROCK_VOUCHER_9750,SEASHELLS,434.0,12
698,45300,Camilla,Pablo,VOLCANIC_ROCK_VOUCHER_9750,SEASHELLS,442.0,12
706,45700,Camilla,Caesar,VOLCANIC_ROCK_VOUCHER_9750,SEASHELLS,437.0,14
712,46100,Camilla,Pablo,VOLCANIC_ROCK_VOUCHER_9750,SEASHELLS,438.0,10
735,47600,Camilla,Caesar,VOLCANIC_ROCK_VOUCHER_9750,SEASHELLS,433.0,12
754,48300,Camilla,Pablo,VOLCANIC_ROCK_VOUCHER_9750,SEASHELLS,429.0,10
755,48300,Caesar,Pablo,VOLCANIC_ROCK_VOUCHER_9750,SEASHELLS,429.0,2
770,49100,Penelope,Camilla,VOLCANIC_ROCK_VOUCHER_9750,SEASHELLS,428.0,11
792,50100,Camilla,Caesar,VOLCANIC_ROCK_VOUCHER_9750,SEASHELLS,423.0,12
793,50100,Caesar,Caesar,VOLCANIC_ROCK_VOUCHER_9750,SEASHELLS,423.0,2
812,50700,Camilla,Caesar,VOLCANIC_ROCK_VOUCHER_9750,SEASHELLS,421.0,11
848,52700,Camilla,Pablo,VOLCANIC_ROCK_VOUCHER_9750,SEASHELLS,417.0,10
849,52700,Caesar,Pablo,VOLCANIC_ROCK_VOUCHER_9750,SEASHELLS,417.0,2
860,53400,Camilla,Pablo,VOLCANIC_ROCK_VOUCHER_9750,SEASHELLS,417.0,11
908,56500,Camilla,Caesar,VOLCANIC_ROCK_VOUCHER_9750,SEASHELLS,411.0,15
909,56500,Caesar,Caesar,VOLCANIC_ROCK_VOUCHER_9750,SEASHELLS,411.0,2
914,56600,Camilla,Caesar,VOLCANIC_ROCK_VOUCHER_9750,SEASHELLS,408.0,16
926,57000,Camilla,Caesar,VOLCANIC_ROCK_VOUCHER_9750,SEASHELLS,413.0,19
927,57000,Caesar,Caesar,VOLCANIC_ROCK_VOUCHER_9750,SEASHELLS,413.0,1
935,57100,Camilla,Penelope,VOLCANIC_ROCK_VOUCHER_9750,SEASHELLS,413.0,16
955,58200,Camilla,Caesar,VOLCANIC_ROCK_VOUCHER_9750,SEASHELLS,411.0,19
972,58700,Camilla,Caesar,VOLCANIC_ROCK_VOUCHER_9750,SEASHELLS,409.0,10
1054,63600,Camilla,Penelope,VOLCANIC_ROCK_VOUCHER_9750,SEASHELLS,435.0,12
1055,63600,Caesar,Penelope,VOLCANIC_ROCK_VOUCHER_9750,SEASHELLS,435.0,1
1084,65200,Camilla,Caesar,VOLCANIC_ROCK_VOUCHER_9750,SEASHELLS,440.0,17
1110,66300,Camilla,Caesar,VOLCANIC_ROCK_VOUCHER_9750,SEASHELLS,439.0,13
1129,67200,Camilla,Caesar,VOLCANIC_ROCK_VOUCHER_9750,SEASHELLS,431.0,11
1130,67200,Caesar,Caesar,VOLCANIC_ROCK_VOUCHER_9750,SEASHELLS,431.0,1
1169,69300,Camilla,Pablo,VOLCANIC_ROCK_VOUCHER_9750,SEASHELLS,443.0,15
1177,69600,Camilla,Caesar,VOLCANIC_ROCK_VOUCHER_9750,SEASHELLS,440.0,20
1200,71700,Camilla,Caesar,VOLCANIC_ROCK_VOUCHER_9750,SEASHELLS,442.0,11
1201,71700,Caesar,Caesar,VOLCANIC_ROCK_VOUCHER_9750,SEASHELLS,442.0,1
1230,73000,Camilla,Caesar,VOLCANIC_ROCK_VOUCHER_9750,SEASHELLS,436.0,12
1269,74900,Camilla,Caesar,VOLCANIC_ROCK_VOUCHER_9750,SEASHELLS,437.0,14
1295,76000,Camilla,Caesar,VOLCANIC_ROCK_VOUCHER_9750,SEASHELLS,435.0,16
1296,76000,Caesar,Caesar,VOLCANIC_ROCK_VOUCHER_9750,SEASHELLS,435.0,1
1327,78500,Camilla,Caesar,VOLCANIC_ROCK_VOUCHER_9750,SEASHELLS,431.0,14
1349,80000,Camilla,Pablo,VOLCANIC_ROCK_VOUCHER_9750,SEASHELLS,431.0,15
1356,80200,Camilla,Caesar,VOLCANIC_ROCK_VOUCHER_9750,SEASHELLS,434.0,12
1381,81700,Penelope,Camilla,VOLCANIC_ROCK_VOUCHER_9750,SEASHELLS,435.0,11
1382,81700,Penelope,Caesar,VOLCANIC_ROCK_VOUCHER_9750,SEASHELLS,435.0,1
1419,83800,Camilla,Caesar,VOLCANIC_ROCK_VOUCHER_9750,SEASHELLS,438.0,11
1443,85100,Camilla,Pablo,VOLCANIC_ROCK_VOUCHER_9750,SEASHELLS,431.0,5
1452,85400,Camilla,Pablo,VOLCANIC_ROCK_VOUCHER_9750,SEASHELLS,433.0,9
1514,88700,Camilla,Caesar,VOLCANIC_ROCK_VOUCHER_9750,SEASHELLS,429.0,12
1535,89900,Penelope,Camilla,VOLCANIC_ROCK_VOUCHER_9750,SEASHELLS,433.0,14
1542,90400,Camilla,Pablo,VOLCANIC_ROCK_VOUCHER_9750,SEASHELLS,427.0,10
1557,90700,Penelope,Camilla,VOLCANIC_ROCK_VOUCHER_9750,SEASHELLS,428.0,12
1558,90700,Penelope,Caesar,VOLCANIC_ROCK_VOUCHER_9750,SEASHELLS,428.0,2
1591,92000,Penelope,Camilla,VOLCANIC_ROCK_VOUCHER_9750,SEASHELLS,429.0,15
1600,92400,Camilla,Caesar,VOLCANIC_ROCK_VOUCHER_9750,SEASHELLS,437.0,11
1611,92900,Camilla,Caesar,VOLCANIC_ROCK_VOUCHER_9750,SEASHELLS,440.0,16
1632,94000,Camilla,Caesar,VOLCANIC_ROCK_VOUCHER_9750,SEASHELLS,434.0,15
1633,94000,Caesar,Caesar,VOLCANIC_ROCK_VOUCHER_9750,SEASHELLS,434.0,2
1659,95900,Camilla,Caesar,VOLCANIC_ROCK_VOUCHER_9750,SEASHELLS,429.0,15
1731,101300,Camilla,Caesar,VOLCANIC_ROCK_VOUCHER_9750,SEASHELLS,407.0,17
1742,102000,Camilla,Caesar,VOLCANIC_ROCK_VOUCHER_9750,SEASHELLS,408.0,13
1750,102100,Camilla,Pablo,VOLCANIC_ROCK_VOUCHER_9750,SEASHELLS,406.0,8
1764,102600,Camilla,Caesar,VOLCANIC_ROCK_VOUCHER_9750,SEASHELLS,401.0,19
1785,104000,Camilla,Pablo,VOLCANIC_ROCK_VOUCHER_9750,SEASHELLS,410.0,5
1794,104200,Camilla,Caesar,VOLCANIC_ROCK_VOUCHER_9750,SEASHELLS,407.0,16
1795,104200,Caesar,Caesar,VOLCANIC_ROCK_VOUCHER_9750,SEASHELLS,407.0,2
1824,105900,Camilla,Penelope,VOLCANIC_ROCK_VOUCHER_9750,SEASHELLS,409.0,16
1844,107000,Camilla,Penelope,VOLCANIC_ROCK_VOUCHER_9750,SEASHELLS,399.0,10
1864,108400,Camilla,Caesar,VOLCANIC_ROCK_VOUCHER_9750,SEASHELLS,391.0,16
1907,111000,Camilla,Penelope,VOLCANIC_ROCK_VOUCHER_9750,SEASHELLS,404.0,14
1931,112000,Camilla,Caesar,VOLCANIC_ROCK_VOUCHER_9750,SEASHELLS,413.0,14
1932,112000,Caesar,Caesar,VOLCANIC_ROCK_VOUCHER_9750,SEASHELLS,413.0,2
1950,113600,Camilla,Caesar,VOLCANIC_ROCK_VOUCHER_9750,SEASHELLS,407.0,12
1951,113600,Caesar,Caesar,VOLCANIC_ROCK_VOUCHER_9750,SEASHELLS,407.0,2
1956,113900,Camilla,Pablo,VOLCANIC_ROCK_VOUCHER_9750,SEASHELLS,411.0,7
1976,114500,Camilla,Caesar,VOLCANIC_ROCK_VOUCHER_9750,SEASHELLS,407.0,11
1977,114500,Caesar,Caesar,VOLCANIC_ROCK_VOUCHER_9750,SEASHELLS,407.0,2
2018,116400,Camilla,Caesar,VOLCANIC_ROCK_VOUCHER_9750,SEASHELLS,404.0,19
2019,116400,Caesar,Caesar,VOLCANIC_ROCK_VOUCHER_9750,SEASHELLS,404.0,1
2079,121000,Penelope,Camilla,VOLCANIC_ROCK_VOUCHER_9750,SEASHELLS,403.0,16
2080,121000,Penelope,Caesar,VOLCANIC_ROCK_VOUCHER_9750,SEASHELLS,403.0,2
2091,121700,Camilla,Caesar,VOLCANIC_ROCK_VOUCHER_9750,SEASHELLS,397.0,11
2165,127200,Camilla,Caesar,VOLCANIC_ROCK_VOUCHER_9750,SEASHELLS,407.0,10
2198,128900,Camilla,Caesar,VOLCANIC_ROCK_VOUCHER_9750,SEASHELLS,406.0,12
2206,129100,Camilla,Pablo,VOLCANIC_ROCK_VOUCHER_9750,SEASHELLS,406.0,15
2231,130400,Camilla,Pablo,VOLCANIC_ROCK_VOUCHER_9750,SEASHELLS,406.0,12
2239,130500,Camilla,Pablo,VOLCANIC_ROCK_VOUCHER_9750,SEASHELLS,405.0,13
2258,131900,Camilla,Caesar,VOLCANIC_ROCK_VOUCHER_9750,SEASHELLS,402.0,11
2263,132000,Camilla,Pablo,VOLCANIC_ROCK_VOUCHER_9750,SEASHELLS,403.0,5
2286,133200,Camilla,Caesar,VOLCANIC_ROCK_VOUCHER_9750,SEASHELLS,404.0,13
2287,133200,Caesar,Caesar,VOLCANIC_ROCK_VOUCHER_9750,SEASHELLS,404.0,1
2301,134200,Camilla,Caesar,VOLCANIC_ROCK_VOUCHER_9750,SEASHELLS,419.0,13
2302,134200,Caesar,Caesar,VOLCANIC_ROCK_VOUCHER_9750,SEASHELLS,419.0,2
2323,135000,Camilla,Pablo,VOLCANIC_ROCK_VOUCHER_9750,SEASHELLS,419.0,11
2343,136700,Camilla,Caesar,VOLCANIC_ROCK_VOUCHER_9750,SEASHELLS,413.0,17
2391,139700,Camilla,Caesar,VOLCANIC_ROCK_VOUCHER_9750,SEASHELLS,421.0,12
2392,139700,Caesar,Caesar,VOLCANIC_ROCK_VOUCHER_9750,SEASHELLS,421.0,1
2400,140100,Camilla,Caesar,VOLCANIC_ROCK_VOUCHER_9750,SEASHELLS,420.0,10
2449,143100,Penelope,Camilla,VOLCANIC_ROCK_VOUCHER_9750,SEASHELLS,433.0,12
2457,143600,Camilla,Pablo,VOLCANIC_ROCK_VOUCHER_9750,SEASHELLS,433.0,5
2467,143900,Camilla,Caesar,VOLCANIC_ROCK_VOUCHER_9750,SEASHELLS,430.0,11
2478,144400,Camilla,Caesar,VOLCANIC_ROCK_VOUCHER_9750,SEASHELLS,423.0,14
2486,144800,Camilla,Caesar,VOLCANIC_ROCK_VOUCHER_9750,SEASHELLS,426.0,13
2505,145800,Penelope,Camilla,VOLCANIC_ROCK_VOUCHER_9750,SEASHELLS,430.0,15
2506,145800,Penelope,Caesar,VOLCANIC_ROCK_VOUCHER_9750,SEASHELLS,430.0,1
2516,145900,Camilla,Penelope,VOLCANIC_ROCK_VOUCHER_9750,SEASHELLS,428.0,12
2517,145900,Caesar,Penelope,VOLCANIC_ROCK_VOUCHER_9750,SEASHELLS,428.0,2
2524,146100,Penelope,Camilla,VOLCANIC_ROCK_VOUCHER_9750,SEASHELLS,430.0,10
2585,151400,Penelope,Camilla,VOLCANIC_ROCK_VOUCHER_9750,SEASHELLS,431.0,10
2586,151400,Penelope,Caesar,VOLCANIC_ROCK_VOUCHER_9750,SEASHELLS,431.0,1
2601,152800,Camilla,Penelope,VOLCANIC_ROCK_VOUCHER_9750,SEASHELLS,428.0,16
2620,153900,Camilla,Caesar,VOLCANIC_ROCK_VOUCHER_9750,SEASHELLS,432.0,12
2639,154800,Camilla,Pablo,VOLCANIC_ROCK_VOUCHER_9750,SEASHELLS,432.0,9
2651,155200,Camilla,Caesar,VOLCANIC_ROCK_VOUCHER_9750,SEASHELLS,433.0,13
2656,155300,Camilla,Caesar,VOLCANIC_ROCK_VOUCHER_9750,SEASHELLS,433.0,12
2665,156000,Camilla,Caesar,VOLCANIC_ROCK_VOUCHER_9750,SEASHELLS,438.0,19
2674,156200,Camilla,Pablo,VOLCANIC_ROCK_VOUCHER_9750,SEASHELLS,436.0,6
2686,156500,Camilla,Caesar,VOLCANIC_ROCK_VOUCHER_9750,SEASHELLS,436.0,11
2695,156900,Camilla,Caesar,VOLCANIC_ROCK_VOUCHER_9750,SEASHELLS,433.0,19
2766,161800,Camilla,Caesar,VOLCANIC_ROCK_VOUCHER_9750,SEASHELLS,450.0,16
2786,162300,Camilla,Caesar,VOLCANIC_ROCK_VOUCHER_9750,SEASHELLS,454.0,11
2787,162300,Caesar,Caesar,VOLCANIC_ROCK_VOUCHER_9750,SEASHELLS,454.0,2
2795,162600,Camilla,Caesar,VOLCANIC_ROCK_VOUCHER_9750,SEASHELLS,453.0,11
2849,165800,Camilla,Penelope,VOLCANIC_ROCK_VOUCHER_9750,SEASHELLS,439.0,11
2850,165800,Caesar,Penelope,VOLCANIC_ROCK_VOUCHER_9750,SEASHELLS,439.0,2
2877,167800,Camilla,Caesar,VOLCANIC_ROCK_VOUCHER_9750,SEASHELLS,438.0,17
2884,168300,Camilla,Caesar,VOLCANIC_ROCK_VOUCHER_9750,SEASHELLS,436.0,10
2900,169300,Camilla,Caesar,VOLCANIC_ROCK_VOUCHER_9750,SEASHELLS,430.0,13
2941,172200,Camilla,Pablo,VOLCANIC_ROCK_VOUCHER_9750,SEASHELLS,413.0,13
2955,172500,Camilla,Pablo,VOLCANIC_ROCK_VOUCHER_9750,SEASHELLS,412.0,15
2969,172900,Camilla,Pablo,VOLCANIC_ROCK_VOUCHER_9750,SEASHELLS,413.0,12
2970,172900,Caesar,Pablo,VOLCANIC_ROCK_VOUCHER_9750,SEASHELLS,413.0,1
2983,173300,Camilla,Caesar,VOLCANIC_ROCK_VOUCHER_9750,SEASHELLS,416.0,11
2990,173500,Camilla,Pablo,VOLCANIC_ROCK_VOUCHER_9750,SEASHELLS,418.0,7
3030,176200,Camilla,Caesar,VOLCANIC_ROCK_VOUCHER_9750,SEASHELLS,412.0,12
3047,177800,Camilla,Penelope,VOLCANIC_ROCK_VOUCHER_9750,SEASHELLS,410.0,15
3057,178300,Camilla,Pablo,VOLCANIC_ROCK_VOUCHER_9750,SEASHELLS,405.0,10
3062,178400,Camilla,Caesar,VOLCANIC_ROCK_VOUCHER_9750,SEASHELLS,405.0,14
3083,179300,Camilla,Caesar,VOLCANIC_ROCK_VOUCHER_9750,SEASHELLS,405.0,15
3084,179300,Caesar,Caesar,VOLCANIC_ROCK_VOUCHER_9750,SEASHELLS,405.0,2
3099,179900,Camilla,Penelope,VOLCANIC_ROCK_VOUCHER_9750,SEASHELLS,397.0,10
3116,180800,Camilla,Caesar,VOLCANIC_ROCK_VOUCHER_9750,SEASHELLS,390.0,10
3124,180900,Camilla,Pablo,VOLCANIC_ROCK_VOUCHER_9750,SEASHELLS,391.0,6
3139,182100,Camilla,Pablo,VOLCANIC_ROCK_VOUCHER_9750,SEASHELLS,396.0,9
3165,183500,Camilla,Caesar,VOLCANIC_ROCK_VOUCHER_9750,SEASHELLS,399.0,14
3186,184100,Camilla,Caesar,VOLCANIC_ROCK_VOUCHER_9750,SEASHELLS,395.0,16
3221,186500,Camilla,Caesar,VOLCANIC_ROCK_VOUCHER_9750,SEASHELLS,387.0,13
3238,187500,Camilla,Caesar,VOLCANIC_ROCK_VOUCHER_9750,SEASHELLS,385.0,16
3257,188400,Camilla,Caesar,VOLCANIC_ROCK_VOUCHER_9750,SEASHELLS,388.0,18
3258,188400,Caesar,Caesar,VOLCANIC_ROCK_VOUCHER_9750,SEASHELLS,388.0,2
3278,189200,Camilla,Caesar,VOLCANIC_ROCK_VOUCHER_9750,SEASHELLS,390.0,16
3279,189200,Caesar,Caesar,VOLCANIC_ROCK_VOUCHER_9750,SEASHELLS,390.0,1
3317,191100,Camilla,Caesar,VOLCANIC_ROCK_VOUCHER_9750,SEASHELLS,385.0,18
3318,191100,Caesar,Caesar,VOLCANIC_ROCK_VOUCHER_9750,SEASHELLS,385.0,2
3325,191200,Camilla,Caesar,VOLCANIC_ROCK_VOUCHER_9750,SEASHELLS,384.0,16
3348,192400,Camilla,Penelope,VOLCANIC_ROCK_VOUCHER_9750,SEASHELLS,378.0,16
3349,192400,Caesar,Penelope,VOLCANIC_ROCK_VOUCHER_9750,SEASHELLS,378.0,1
3361,192900,Camilla,Penelope,VOLCANIC_ROCK_VOUCHER_9750,SEASHELLS,387.0,10
3371,193000,Camilla,Caesar,VOLCANIC_ROCK_VOUCHER_9750,SEASHELLS,386.0,19
3381,193600,Penelope,Camilla,VOLCANIC_ROCK_VOUCHER_9750,SEASHELLS,386.0,14
3419,195900,Camilla,Caesar,VOLCANIC_ROCK_VOUCHER_9750,SEASHELLS,387.0,10
3420,195900,Caesar,Caesar,VOLCANIC_ROCK_VOUCHER_9750,SEASHELLS,387.0,2
3437,196500,Penelope,Camilla,VOLCANIC_ROCK_VOUCHER_9750,SEASHELLS,391.0,12
3448,197300,Camilla,Caesar,VOLCANIC_ROCK_VOUCHER_9750,SEASHELLS,393.0,17
3489,200300,Camilla,Caesar,VOLCANIC_ROCK_VOUCHER_9750,SEASHELLS,389.0,11
3504,201200,Camilla,Penelope,VOLCANIC_ROCK_VOUCHER_9750,SEASHELLS,400.0,17
3513,201400,Camilla,Caesar,VOLCANIC_ROCK_VOUCHER_9750,SEASHELLS,401.0,17
3548,202600,Camilla,Caesar,VOLCANIC_ROCK_VOUCHER_9750,SEASHELLS,399.0,12
3549,202600,Caesar,Caesar,VOLCANIC_ROCK_VOUCHER_9750,SEASHELLS,399.0,2
3561,203000,Camilla,Penelope,VOLCANIC_ROCK_VOUCHER_9750,SEASHELLS,400.0,17
3562,203000,Caesar,Penelope,VOLCANIC_ROCK_VOUCHER_9750,SEASHELLS,400.0,2
3585,204900,Penelope,Camilla,VOLCANIC_ROCK_VOUCHER_9750,SEASHELLS,394.0,10
3605,205900,Camilla,Caesar,VOLCANIC_ROCK_VOUCHER_9750,SEASHELLS,397.0,15
3614,206200,Camilla,Penelope,VOLCANIC_ROCK_VOUCHER_9750,SEASHELLS,404.0,10
3622,206500,Camilla,Caesar,VOLCANIC_ROCK_VOUCHER_9750,SEASHELLS,410.0,16
3654,208200,Camilla,Caesar,VOLCANIC_ROCK_VOUCHER_9750,SEASHELLS,409.0,19
3664,208600,Camilla,Pablo,VOLCANIC_ROCK_VOUCHER_9750,SEASHELLS,410.0,13
3674,209100,Camilla,Pablo,VOLCANIC_ROCK_VOUCHER_9750,SEASHELLS,406.0,7
3690,209600,Penelope,Camilla,VOLCANIC_ROCK_VOUCHER_9750,SEASHELLS,401.0,10
3702,209900,Camilla,Penelope,VOLCANIC_ROCK_VOUCHER_9750,SEASHELLS,402.0,13
3703,209900,Caesar,Penelope,VOLCANIC_ROCK_VOUCHER_9750,SEASHELLS,402.0,2
3737,211800,Camilla,Caesar,VOLCANIC_ROCK_VOUCHER_9750,SEASHELLS,395.0,10
3765,212900,Camilla,Caesar,VOLCANIC_ROCK_VOUCHER_9750,SEASHELLS,404.0,12
3780,213200,Camilla,Caesar,VOLCANIC_ROCK_VOUCHER_9750,SEASHELLS,402.0,12
3781,213200,Caesar,Caesar,VOLCANIC_ROCK_VOUCHER_9750,SEASHELLS,402.0,1
3796,213700,Camilla,Penelope,VOLCANIC_ROCK_VOUCHER_9750,SEASHELLS,400.0,11
3797,213700,Caesar,Penelope,VOLCANIC_ROCK_VOUCHER_9750,SEASHELLS,400.0,1
3807,214200,Camilla,Caesar,VOLCANIC_ROCK_VOUCHER_9750,SEASHELLS,407.0,15
3813,214600,Camilla,Penelope,VOLCANIC_ROCK_VOUCHER_9750,SEASHELLS,407.0,20
3847,217100,Camilla,Caesar,VOLCANIC_ROCK_VOUCHER_9750,SEASHELLS,397.0,14
3862,217700,Camilla,Pablo,VOLCANIC_ROCK_VOUCHER_9750,SEASHELLS,394.0,13
3880,218700,Camilla,Caesar,VOLCANIC_ROCK_VOUCHER_9750,SEASHELLS,387.0,10
3881,218700,Caesar,Caesar,VOLCANIC_ROCK_VOUCHER_9750,SEASHELLS,387.0,1
3890,218800,Camilla,Caesar,VOLCANIC_ROCK_VOUCHER_9750,SEASHELLS,387.0,12
3891,218800,Caesar,Caesar,VOLCANIC_ROCK_VOUCHER_9750,SEASHELLS,387.0,2
3912,219700,Camilla,Caesar,VOLCANIC_ROCK_VOUCHER_9750,SEASHELLS,398.0,14
3931,220900,Camilla,Caesar,VOLCANIC_ROCK_VOUCHER_9750,SEASHELLS,404.0,12
3932,220900,Caesar,Caesar,VOLCANIC_ROCK_VOUCHER_9750,SEASHELLS,404.0,2
3941,221100,Penelope,Camilla,VOLCANIC_ROCK_VOUCHER_9750,SEASHELLS,405.0,18
3942,221100,Penelope,Caesar,VOLCANIC_ROCK_VOUCHER_9750,SEASHELLS,405.0,1
3959,222300,Penelope,Camilla,VOLCANIC_ROCK_VOUCHER_9750,SEASHELLS,415.0,20
3979,223300,Camilla,Penelope,VOLCANIC_ROCK_VOUCHER_9750,SEASHELLS,411.0,11
4002,224100,Camilla,Caesar,VOLCANIC_ROCK_VOUCHER_9750,SEASHELLS,405.0,20
4007,224200,Camilla,Pablo,VOLCANIC_ROCK_VOUCHER_9750,SEASHELLS,405.0,14
4019,224900,Camilla,Penelope,VOLCANIC_ROCK_VOUCHER_9750,SEASHELLS,408.0,15
4020,224900,Caesar,Penelope,VOLCANIC_ROCK_VOUCHER_9750,SEASHELLS,408.0,1
4030,225200,Camilla,Caesar,VOLCANIC_ROCK_VOUCHER_9750,SEASHELLS,407.0,12
4036,225600,Camilla,Penelope,VOLCANIC_ROCK_VOUCHER_9750,SEASHELLS,402.0,10
4065,228000,Camilla,Pablo,VOLCANIC_ROCK_VOUCHER_9750,SEASHELLS,405.0,7
4074,228500,Camilla,Caesar,VOLCANIC_ROCK_VOUCHER_9750,SEASHELLS,401.0,17
4099,229700,Camilla,Caesar,VOLCANIC_ROCK_VOUCHER_9750,SEASHELLS,397.0,14
4100,229700,Caesar,Caesar,VOLCANIC_ROCK_VOUCHER_9750,SEASHELLS,397.0,1
4123,231400,Camilla,Penelope,VOLCANIC_ROCK_VOUCHER_9750,SEASHELLS,392.0,11
4124,231400,Caesar,Penelope,VOLCANIC_ROCK_VOUCHER_9750,SEASHELLS,392.0,1
4131,231600,Camilla,Pablo,VOLCANIC_ROCK_VOUCHER_9750,SEASHELLS,395.0,14
4181,234800,Camilla,Caesar,VOLCANIC_ROCK_VOUCHER_9750,SEASHELLS,390.0,19
4185,234900,Camilla,Penelope,VOLCANIC_ROCK_VOUCHER_9750,SEASHELLS,391.0,15
4199,236000,Camilla,Caesar,VOLCANIC_ROCK_VOUCHER_9750,SEASHELLS,393.0,11
4208,236400,Camilla,Caesar,VOLCANIC_ROCK_VOUCHER_9750,SEASHELLS,389.0,11
4216,236800,Camilla,Caesar,VOLCANIC_ROCK_VOUCHER_9750,SEASHELLS,389.0,17
4232,237400,Camilla,Penelope,VOLCANIC_ROCK_VOUCHER_9750,SEASHELLS,386.0,11
4233,237400,Caesar,Penelope,VOLCANIC_ROCK_VOUCHER_9750,SEASHELLS,386.0,2
4234,237400,Caesar,Penelope,VOLCANIC_ROCK_VOUCHER_9750,SEASHELLS,386.0,6
4243,237800,Camilla,Caesar,VOLCANIC_ROCK_VOUCHER_9750,SEASHELLS,388.0,13
4264,239000,Camilla,Caesar,VOLCANIC_ROCK_VOUCHER_9750,SEASHELLS,383.0,10
4281,239400,Camilla,Caesar,VOLCANIC_ROCK_VOUCHER_9750,SEASHELLS,383.0,14
4282,239400,Caesar,Caesar,VOLCANIC_ROCK_VOUCHER_9750,SEASHELLS,383.0,1
4291,239900,Penelope,Camilla,VOLCANIC_ROCK_VOUCHER_9750,SEASHELLS,385.0,13
4292,239900,Penelope,Caesar,VOLCANIC_ROCK_VOUCHER_9750,SEASHELLS,385.0,1
4302,240200,Camilla,Caesar,VOLCANIC_ROCK_VOUCHER_9750,SEASHELLS,385.0,10
4320,240800,Camilla,Caesar,VOLCANIC_ROCK_VOUCHER_9750,SEASHELLS,379.0,12
4321,240800,Caesar,Caesar,VOLCANIC_ROCK_VOUCHER_9750,SEASHELLS,379.0,1
4342,242000,Camilla,Caesar,VOLCANIC_ROCK_VOUCHER_9750,SEASHELLS,374.0,14
4369,243600,Camilla,Caesar,VOLCANIC_ROCK_VOUCHER_9750,SEASHELLS,365.0,10
4385,244200,Camilla,Caesar,VOLCANIC_ROCK_VOUCHER_9750,SEASHELLS,365.0,15
4398,245000,Camilla,Caesar,VOLCANIC_ROCK_VOUCHER_9750,SEASHELLS,364.0,17
4420,246200,Camilla,Caesar,VOLCANIC_ROCK_VOUCHER_9750,SEASHELLS,368.0,10
4421,246200,Caesar,Caesar,VOLCANIC_ROCK_VOUCHER_9750,SEASHELLS,368.0,2
4427,246300,Camilla,Caesar,VOLCANIC_ROCK_VOUCHER_9750,SEASHELLS,369.0,12
4446,247900,Camilla,Penelope,VOLCANIC_ROCK_VOUCHER_9750,SEASHELLS,384.0,14
4450,248100,Camilla,Caesar,VOLCANIC_ROCK_VOUCHER_9750,SEASHELLS,383.0,16
4460,248800,Camilla,Caesar,VOLCANIC_ROCK_VOUCHER_9750,SEASHELLS,392.0,15
4467,249100,Camilla,Caesar,VOLCANIC_ROCK_VOUCHER_9750,SEASHELLS,397.0,15
4501,250300,Camilla,Caesar,VOLCANIC_ROCK_VOUCHER_9750,SEASHELLS,382.0,16
4512,250800,Camilla,Caesar,VOLCANIC_ROCK_VOUCHER_9750,SEASHELLS,384.0,15
4519,251200,Penelope,Camilla,VOLCANIC_ROCK_VOUCHER_9750,SEASHELLS,380.0,12
4548,252600,Camilla,Caesar,VOLCANIC_ROCK_VOUCHER_9750,SEASHELLS,387.0,14
4554,252700,Camilla,Caesar,VOLCANIC_ROCK_VOUCHER_9750,SEASHELLS,385.0,14
4605,255800,Camilla,Caesar,VOLCANIC_ROCK_VOUCHER_9750,SEASHELLS,401.0,10
4614,256800,Camilla,Caesar,VOLCANIC_ROCK_VOUCHER_9750,SEASHELLS,392.0,15
4633,257800,Camilla,Caesar,VOLCANIC_ROCK_VOUCHER_9750,SEASHELLS,392.0,17
4641,258000,Camilla,Pablo,VOLCANIC_ROCK_VOUCHER_9750,SEASHELLS,395.0,8
4653,258600,Camilla,Caesar,VOLCANIC_ROCK_VOUCHER_9750,SEASHELLS,389.0,16
4684,260400,Camilla,Caesar,VOLCANIC_ROCK_VOUCHER_9750,SEASHELLS,385.0,14
4685,260400,Caesar,Caesar,VOLCANIC_ROCK_VOUCHER_9750,SEASHELLS,385.0,2
4705,261100,Camilla,Penelope,VOLCANIC_ROCK_VOUCHER_9750,SEASHELLS,384.0,12
4724,262000,Penelope,Camilla,VOLCANIC_ROCK_VOUCHER_9750,SEASHELLS,378.0,11
4725,262000,Penelope,Caesar,VOLCANIC_ROCK_VOUCHER_9750,SEASHELLS,378.0,1
4736,262300,Camilla,Penelope,VOLCANIC_ROCK_VOUCHER_9750,SEASHELLS,376.0,15
4759,263800,Camilla,Pablo,VOLCANIC_ROCK_VOUCHER_9750,SEASHELLS,372.0,8
4785,265300,Camilla,Caesar,VOLCANIC_ROCK_VOUCHER_9750,SEASHELLS,353.0,19
4786,265300,Penelope,Camilla,VOLCANIC_ROCK_VOUCHER_9750,SEASHELLS,354.0,20
4793,265700,Camilla,Caesar,VOLCANIC_ROCK_VOUCHER_9750,SEASHELLS,354.0,14
4807,266100,Camilla,Caesar,VOLCANIC_ROCK_VOUCHER_9750,SEASHELLS,353.0,11
4818,266500,Camilla,Pablo,VOLCANIC_ROCK_VOUCHER_9750,SEASHELLS,356.0,11
4832,267100,Camilla,Caesar,VOLCANIC_ROCK_VOUCHER_9750,SEASHELLS,365.0,10
4833,267100,Caesar,Caesar,VOLCANIC_ROCK_VOUCHER_9750,SEASHELLS,365.0,2
4852,267800,Camilla,Caesar,VOLCANIC_ROCK_VOUCHER_9750,SEASHELLS,361.0,15
4853,267800,Caesar,Caesar,VOLCANIC_ROCK_VOUCHER_9750,SEASHELLS,361.0,2
4864,268200,Camilla,Pablo,VOLCANIC_ROCK_VOUCHER_9750,SEASHELLS,365.0,11
4865,268200,Caesar,Pablo,VOLCANIC_ROCK_VOUCHER_9750,SEASHELLS,365.0,1
4888,269100,Camilla,Caesar,VOLCANIC_ROCK_VOUCHER_9750,SEASHELLS,364.0,12
4889,269100,Caesar,Caesar,VOLCANIC_ROCK_VOUCHER_9750,SEASHELLS,364.0,1
4926,271300,Camilla,Penelope,VOLCANIC_ROCK_VOUCHER_9750,SEASHELLS,353.0,13
4927,271300,Caesar,Penelope,VOLCANIC_ROCK_VOUCHER_9750,SEASHELLS,353.0,1
4973,274000,Camilla,Caesar,VOLCANIC_ROCK_VOUCHER_9750,SEASHELLS,359.0,10
4978,274100,Camilla,Pablo,VOLCANIC_ROCK_VOUCHER_9750,SEASHELLS,357.0,12
4983,274200,Camilla,Penelope,VOLCANIC_ROCK_VOUCHER_9750,SEASHELLS,354.0,17
4984,274200,Caesar,Penelope,VOLCANIC_ROCK_VOUCHER_9750,SEASHELLS,354.0,1
4997,275000,Camilla,Penelope,VOLCANIC_ROCK_VOUCHER_9750,SEASHELLS,354.0,10
5028,276700,Camilla,Caesar,VOLCANIC_ROCK_VOUCHER_9750,SEASHELLS,313.0,15
5044,277800,Camilla,Caesar,VOLCANIC_ROCK_VOUCHER_9750,SEASHELLS,313.0,16
5064,278700,Camilla,Caesar,VOLCANIC_ROCK_VOUCHER_9750,SEASHELLS,317.0,14
5065,278700,Penelope,Camilla,VOLCANIC_ROCK_VOUCHER_9750,SEASHELLS,318.0,18
5089,280300,Camilla,Pablo,VOLCANIC_ROCK_VOUCHER_9750,SEASHELLS,319.0,8
5094,280400,Camilla,Caesar,VOLCANIC_ROCK_VOUCHER_9750,SEASHELLS,318.0,12
5128,282900,Camilla,Penelope,VOLCANIC_ROCK_VOUCHER_9750,SEASHELLS,353.0,11
5129,282900,Caesar,Penelope,VOLCANIC_ROCK_VOUCHER_9750,SEASHELLS,353.0,1
5161,284800,Camilla,Caesar,VOLCANIC_ROCK_VOUCHER_9750,SEASHELLS,346.0,12
5162,284800,Penelope,Camilla,VOLCANIC_ROCK_VOUCHER_9750,SEASHELLS,347.0,13
5167,284900,Camilla,Penelope,VOLCANIC_ROCK_VOUCHER_9750,SEASHELLS,346.0,15
5168,284900,Caesar,Penelope,VOLCANIC_ROCK_VOUCHER_9750,SEASHELLS,346.0,1
5186,286100,Camilla,Penelope,VOLCANIC_ROCK_VOUCHER_9750,SEASHELLS,346.0,15
5243,290300,Camilla,Penelope,VOLCANIC_ROCK_VOUCHER_9750,SEASHELLS,367.0,13
5262,291700,Penelope,Camilla,VOLCANIC_ROCK_VOUCHER_9750,SEASHELLS,374.0,15
5267,291800,Camilla,Caesar,VOLCANIC_ROCK_VOUCHER_9750,SEASHELLS,371.0,19
5286,293300,Penelope,Camilla,VOLCANIC_ROCK_VOUCHER_9750,SEASHELLS,367.0,14
5287,293300,Penelope,Caesar,VOLCANIC_ROCK_VOUCHER_9750,SEASHELLS,367.0,2
5297,293800,Camilla,Caesar,VOLCANIC_ROCK_VOUCHER_9750,SEASHELLS,374.0,10
5303,294000,Camilla,Caesar,VOLCANIC_ROCK_VOUCHER_9750,SEASHELLS,376.0,16
5330,295100,Camilla,Caesar,VOLCANIC_ROCK_VOUCHER_9750,SEASHELLS,368.0,12
5331,295100,Caesar,Caesar,VOLCANIC_ROCK_VOUCHER_9750,SEASHELLS,368.0,1
5338,295200,Camilla,Penelope,VOLCANIC_ROCK_VOUCHER_9750,SEASHELLS,363.0,15
5370,296900,Camilla,Caesar,VOLCANIC_ROCK_VOUCHER_9750,SEASHELLS,376.0,10
5382,297400,Camilla,Penelope,VOLCANIC_ROCK_VOUCHER_9750,SEASHELLS,373.0,16
5393,298500,Penelope,Camilla,VOLCANIC_ROCK_VOUCHER_9750,SEASHELLS,376.0,13
5413,299200,Camilla,Penelope,VOLCANIC_ROCK_VOUCHER_9750,SEASHELLS,385.0,10
5414,299200,Caesar,Penelope,VOLCANIC_ROCK_VOUCHER_9750,SEASHELLS,385.0,2
5422,299500,Camilla,Caesar,VOLCANIC_ROCK_VOUCHER_9750,SEASHELLS,387.0,16
5434,299900,Camilla,Caesar,VOLCANIC_ROCK_VOUCHER_9750,SEASHELLS,388.0,19
5471,301900,Penelope,Camilla,VOLCANIC_ROCK_VOUCHER_9750,SEASHELLS,407.0,16
5477,302200,Camilla,Caesar,VOLCANIC_ROCK_VOUCHER_9750,SEASHELLS,407.0,19
5492,303500,Camilla,Caesar,VOLCANIC_ROCK_VOUCHER_9750,SEASHELLS,399.0,11
5519,305100,Camilla,Penelope,VOLCANIC_ROCK_VOUCHER_9750,SEASHELLS,393.0,19
5527,305200,Camilla,Pablo,VOLCANIC_ROCK_VOUCHER_9750,SEASHELLS,394.0,8
5540,305400,Camilla,Caesar,VOLCANIC_ROCK_VOUCHER_9750,SEASHELLS,397.0,16
5541,305400,Caesar,Caesar,VOLCANIC_ROCK_VOUCHER_9750,SEASHELLS,397.0,1
5572,307100,Camilla,Pablo,VOLCANIC_ROCK_VOUCHER_9750,SEASHELLS,387.0,9
5587,307800,Camilla,Caesar,VOLCANIC_ROCK_VOUCHER_9750,SEASHELLS,388.0,18
5598,308000,Camilla,Caesar,VOLCANIC_ROCK_VOUCHER_9750,SEASHELLS,385.0,15
5599,308000,Caesar,Caesar,VOLCANIC_ROCK_VOUCHER_9750,SEASHELLS,385.0,1
5604,308200,Camilla,Pablo,VOLCANIC_ROCK_VOUCHER_9750,SEASHELLS,388.0,14
5637,309400,Camilla,Caesar,VOLCANIC_ROCK_VOUCHER_9750,SEASHELLS,389.0,19
5638,309400,Caesar,Caesar,VOLCANIC_ROCK_VOUCHER_9750,SEASHELLS,389.0,1
5644,309600,Camilla,Caesar,VOLCANIC_ROCK_VOUCHER_9750,SEASHELLS,394.0,10
5652,309900,Camilla,Pablo,VOLCANIC_ROCK_VOUCHER_9750,SEASHELLS,393.0,14
5690,313200,Camilla,Caesar,VOLCANIC_ROCK_VOUCHER_9750,SEASHELLS,364.0,20
5708,314600,Penelope,Camilla,VOLCANIC_ROCK_VOUCHER_9750,SEASHELLS,367.0,17
5714,314700,Camilla,Caesar,VOLCANIC_ROCK_VOUCHER_9750,SEASHELLS,369.0,12
5722,315000,Camilla,Penelope,VOLCANIC_ROCK_VOUCHER_9750,SEASHELLS,371.0,10
5731,315300,Camilla,Caesar,VOLCANIC_ROCK_VOUCHER_9750,SEASHELLS,374.0,12
5745,315700,Camilla,Caesar,VOLCANIC_ROCK_VOUCHER_9750,SEASHELLS,370.0,14
5756,316300,Penelope,Camilla,VOLCANIC_ROCK_VOUCHER_9750,SEASHELLS,371.0,12
5757,316300,Penelope,Caesar,VOLCANIC_ROCK_VOUCHER_9750,SEASHELLS,371.0,2
5777,317100,Camilla,Caesar,VOLCANIC_ROCK_VOUCHER_9750,SEASHELLS,368.0,15
5778,317100,Caesar,Caesar,VOLCANIC_ROCK_VOUCHER_9750,SEASHELLS,368.0,2
5784,317200,Camilla,Caesar,VOLCANIC_ROCK_VOUCHER_9750,SEASHELLS,367.0,11
5803,317500,Camilla,Caesar,VOLCANIC_ROCK_VOUCHER_9750,SEASHELLS,371.0,10
5804,317500,Caesar,Caesar,VOLCANIC_ROCK_VOUCHER_9750,SEASHELLS,371.0,2
5850,320200,Camilla,Caesar,VOLCANIC_ROCK_VOUCHER_9750,SEASHELLS,368.0,10
5851,320200,Caesar,Caesar,VOLCANIC_ROCK_VOUCHER_9750,SEASHELLS,368.0,2
5858,320500,Camilla,Caesar,VOLCANIC_ROCK_VOUCHER_9750,SEASHELLS,372.0,10
5875,321000,Camilla,Caesar,VOLCANIC_ROCK_VOUCHER_9750,SEASHELLS,376.0,17
5880,321100,Camilla,Pablo,VOLCANIC_ROCK_VOUCHER_9750,SEASHELLS,378.0,9
5891,321800,Camilla,Caesar,VOLCANIC_ROCK_VOUCHER_9750,SEASHELLS,377.0,12
5898,322000,Camilla,Pablo,VOLCANIC_ROCK_VOUCHER_9750,SEASHELLS,378.0,9
5914,322500,Camilla,Caesar,VOLCANIC_ROCK_VOUCHER_9750,SEASHELLS,366.0,18
5915,322500,Caesar,Caesar,VOLCANIC_ROCK_VOUCHER_9750,SEASHELLS,366.0,1
5935,323800,Penelope,Camilla,VOLCANIC_ROCK_VOUCHER_9750,SEASHELLS,366.0,16
5983,326900,Camilla,Caesar,VOLCANIC_ROCK_VOUCHER_9750,SEASHELLS,340.0,12
6018,329000,Camilla,Caesar,VOLCANIC_ROCK_VOUCHER_9750,SEASHELLS,341.0,19
6019,329000,Caesar,Caesar,VOLCANIC_ROCK_VOUCHER_9750,SEASHELLS,341.0,1
6064,331200,Camilla,Pablo,VOLCANIC_ROCK_VOUCHER_9750,SEASHELLS,327.0,14
6076,331500,Camilla,Caesar,VOLCANIC_ROCK_VOUCHER_9750,SEASHELLS,323.0,13
6099,332500,Camilla,Caesar,VOLCANIC_ROCK_VOUCHER_9750,SEASHELLS,338.0,12
6111,332700,Penelope,Camilla,VOLCANIC_ROCK_VOUCHER_9750,SEASHELLS,343.0,15
6112,332700,Penelope,Caesar,VOLCANIC_ROCK_VOUCHER_9750,SEASHELLS,343.0,2
6161,335200,Camilla,Caesar,VOLCANIC_ROCK_VOUCHER_9750,SEASHELLS,346.0,14
6162,335200,Caesar,Caesar,VOLCANIC_ROCK_VOUCHER_9750,SEASHELLS,346.0,2
6209,338100,Camilla,Caesar,VOLCANIC_ROCK_VOUCHER_9750,SEASHELLS,352.0,10
6210,338100,Caesar,Caesar,VOLCANIC_ROCK_VOUCHER_9750,SEASHELLS,352.0,1
6233,340100,Penelope,Camilla,VOLCANIC_ROCK_VOUCHER_9750,SEASHELLS,352.0,11
6249,341500,Camilla,Penelope,VOLCANIC_ROCK_VOUCHER_9750,SEASHELLS,359.0,10
6258,342100,Camilla,Caesar,VOLCANIC_ROCK_VOUCHER_9750,SEASHELLS,357.0,13
6283,343500,Camilla,Caesar,VOLCANIC_ROCK_VOUCHER_9750,SEASHELLS,355.0,10
6289,343600,Penelope,Camilla,VOLCANIC_ROCK_VOUCHER_9750,SEASHELLS,355.0,19
6297,343800,Camilla,Pablo,VOLCANIC_ROCK_VOUCHER_9750,SEASHELLS,354.0,15
6319,345500,Camilla,Caesar,VOLCANIC_ROCK_VOUCHER_9750,SEASHELLS,358.0,14
6332,345700,Camilla,Caesar,VOLCANIC_ROCK_VOUCHER_9750,SEASHELLS,361.0,19
6333,345700,Caesar,Caesar,VOLCANIC_ROCK_VOUCHER_9750,SEASHELLS,361.0,1
6365,347700,Camilla,Caesar,VOLCANIC_ROCK_VOUCHER_9750,SEASHELLS,357.0,10
6374,348200,Camilla,Caesar,VOLCANIC_ROCK_VOUCHER_9750,SEASHELLS,364.0,13
6396,349400,Camilla,Caesar,VOLCANIC_ROCK_VOUCHER_9750,SEASHELLS,353.0,16
6405,349700,Camilla,Penelope,VOLCANIC_ROCK_VOUCHER_9750,SEASHELLS,360.0,10
6415,349900,Camilla,Caesar,VOLCANIC_ROCK_VOUCHER_9750,SEASHELLS,359.0,18
6416,349900,Caesar,Caesar,VOLCANIC_ROCK_VOUCHER_9750,SEASHELLS,359.0,1
6422,350000,Camilla,Caesar,VOLCANIC_ROCK_VOUCHER_9750,SEASHELLS,358.0,11
6442,350800,Camilla,Pablo,VOLCANIC_ROCK_VOUCHER_9750,SEASHELLS,361.0,14
6443,350800,Caesar,Pablo,VOLCANIC_ROCK_VOUCHER_9750,SEASHELLS,361.0,1
6486,353400,Penelope,Camilla,VOLCANIC_ROCK_VOUCHER_9750,SEASHELLS,354.0,17
6487,353400,Penelope,Caesar,VOLCANIC_ROCK_VOUCHER_9750,SEASHELLS,354.0,2
6499,353800,Camilla,Caesar,VOLCANIC_ROCK_VOUCHER_9750,SEASHELLS,360.0,11
6500,353800,Caesar,Caesar,VOLCANIC_ROCK_VOUCHER_9750,SEASHELLS,360.0,1
6514,354000,Camilla,Caesar,VOLCANIC_ROCK_VOUCHER_9750,SEASHELLS,359.0,10
6515,354000,Caesar,Caesar,VOLCANIC_ROCK_VOUCHER_9750,SEASHELLS,359.0,1
6530,354200,Camilla,Pablo,VOLCANIC_ROCK_VOUCHER_9750,SEASHELLS,359.0,13
6563,355500,Camilla,Caesar,VOLCANIC_ROCK_VOUCHER_9750,SEASHELLS,361.0,17
6564,355500,Caesar,Caesar,VOLCANIC_ROCK_VOUCHER_9750,SEASHELLS,361.0,1
6574,355800,Camilla,Pablo,VOLCANIC_ROCK_VOUCHER_9750,SEASHELLS,366.0,9
6587,356500,Camilla,Caesar,VOLCANIC_ROCK_VOUCHER_9750,SEASHELLS,367.0,10
6600,356900,Camilla,Caesar,VOLCANIC_ROCK_VOUCHER_9750,SEASHELLS,367.0,14
6607,357200,Camilla,Caesar,VOLCANIC_ROCK_VOUCHER_9750,SEASHELLS,366.0,11
6631,358500,Camilla,Pablo,VOLCANIC_ROCK_VOUCHER_9750,SEASHELLS,352.0,12
6637,358600,Camilla,Pablo,VOLCANIC_ROCK_VOUCHER_9750,SEASHELLS,350.0,13
6646,358700,Camilla,Caesar,VOLCANIC_ROCK_VOUCHER_9750,SEASHELLS,352.0,11
6647,358700,Caesar,Caesar,VOLCANIC_ROCK_VOUCHER_9750,SEASHELLS,352.0,1
6671,359600,Penelope,Camilla,VOLCANIC_ROCK_VOUCHER_9750,SEASHELLS,348.0,10
6672,359600,Penelope,Caesar,VOLCANIC_ROCK_VOUCHER_9750,SEASHELLS,348.0,1
6687,360500,Camilla,Caesar,VOLCANIC_ROCK_VOUCHER_9750,SEASHELLS,339.0,10
6718,362500,Camilla,Caesar,VOLCANIC_ROCK_VOUCHER_9750,SEASHELLS,337.0,12
6719,362500,Caesar,Caesar,VOLCANIC_ROCK_VOUCHER_9750,SEASHELLS,337.0,2
6736,362900,Penelope,Camilla,VOLCANIC_ROCK_VOUCHER_9750,SEASHELLS,334.0,10
6737,362900,Penelope,Caesar,VOLCANIC_ROCK_VOUCHER_9750,SEASHELLS,334.0,1
6751,363300,Camilla,Caesar,VOLCANIC_ROCK_VOUCHER_9750,SEASHELLS,332.0,12
6754,363500,Camilla,Penelope,VOLCANIC_ROCK_VOUCHER_9750,SEASHELLS,327.0,12
6770,364100,Camilla,Penelope,VOLCANIC_ROCK_VOUCHER_9750,SEASHELLS,329.0,11
6771,364100,Caesar,Penelope,VOLCANIC_ROCK_VOUCHER_9750,SEASHELLS,329.0,1
6816,366200,Camilla,Penelope,VOLCANIC_ROCK_VOUCHER_9750,SEASHELLS,320.0,11
6856,367900,Camilla,Caesar,VOLCANIC_ROCK_VOUCHER_9750,SEASHELLS,315.0,11
6865,368200,Camilla,Caesar,VOLCANIC_ROCK_VOUCHER_9750,SEASHELLS,319.0,12
6907,370800,Camilla,Caesar,VOLCANIC_ROCK_VOUCHER_9750,SEASHELLS,334.0,11
6926,371700,Camilla,Caesar,VOLCANIC_ROCK_VOUCHER_9750,SEASHELLS,331.0,19
6927,371700,Caesar,Caesar,VOLCANIC_ROCK_VOUCHER_9750,SEASHELLS,331.0,1
6937,372200,Camilla,Penelope,VOLCANIC_ROCK_VOUCHER_9750,SEASHELLS,335.0,11
6938,372200,Caesar,Penelope,VOLCANIC_ROCK_VOUCHER_9750,SEASHELLS,335.0,2
6951,372700,Camilla,Caesar,VOLCANIC_ROCK_VOUCHER_9750,SEASHELLS,332.0,10
6975,373800,Camilla,Caesar,VOLCANIC_ROCK_VOUCHER_9750,SEASHELLS,340.0,17
6995,375100,Camilla,Caesar,VOLCANIC_ROCK_VOUCHER_9750,SEASHELLS,334.0,11
7025,377000,Penelope,Camilla,VOLCANIC_ROCK_VOUCHER_9750,SEASHELLS,340.0,15
7038,377400,Camilla,Caesar,VOLCANIC_ROCK_VOUCHER_9750,SEASHELLS,341.0,16
7039,377400,Caesar,Caesar,VOLCANIC_ROCK_VOUCHER_9750,SEASHELLS,341.0,1
7044,377600,Camilla,Caesar,VOLCANIC_ROCK_VOUCHER_9750,SEASHELLS,344.0,13
7074,379100,Camilla,Caesar,VOLCANIC_ROCK_VOUCHER_9750,SEASHELLS,327.0,13
7075,379100,Caesar,Caesar,VOLCANIC_ROCK_VOUCHER_9750,SEASHELLS,327.0,1
7101,381000,Camilla,Caesar,VOLCANIC_ROCK_VOUCHER_9750,SEASHELLS,329.0,18
7102,381000,Caesar,Caesar,VOLCANIC_ROCK_VOUCHER_9750,SEASHELLS,329.0,1
7131,382900,Camilla,Caesar,VOLCANIC_ROCK_VOUCHER_9750,SEASHELLS,325.0,13
7135,383000,Camilla,Caesar,VOLCANIC_ROCK_VOUCHER_9750,SEASHELLS,326.0,19
7144,383400,Penelope,Camilla,VOLCANIC_ROCK_VOUCHER_9750,SEASHELLS,330.0,13
7157,383800,Camilla,Caesar,VOLCANIC_ROCK_VOUCHER_9750,SEASHELLS,335.0,17
7163,384300,Camilla,Penelope,VOLCANIC_ROCK_VOUCHER_9750,SEASHELLS,326.0,15
7164,384300,Caesar,Penelope,VOLCANIC_ROCK_VOUCHER_9750,SEASHELLS,326.0,1
7170,384700,Camilla,Caesar,VOLCANIC_ROCK_VOUCHER_9750,SEASHELLS,325.0,12
7176,385100,Camilla,Caesar,VOLCANIC_ROCK_VOUCHER_9750,SEASHELLS,320.0,12
7191,385600,Camilla,Caesar,VOLCANIC_ROCK_VOUCHER_9750,SEASHELLS,322.0,12
7192,385600,Caesar,Caesar,VOLCANIC_ROCK_VOUCHER_9750,SEASHELLS,322.0,1
7230,387100,Camilla,Caesar,VOLCANIC_ROCK_VOUCHER_9750,SEASHELLS,327.0,10
7231,387100,Caesar,Caesar,VOLCANIC_ROCK_VOUCHER_9750,SEASHELLS,327.0,2
7247,387700,Camilla,Caesar,VOLCANIC_ROCK_VOUCHER_9750,SEASHELLS,324.0,16
7283,389600,Camilla,Pablo,VOLCANIC_ROCK_VOUCHER_9750,SEASHELLS,318.0,6
7329,392800,Camilla,Caesar,VOLCANIC_ROCK_VOUCHER_9750,SEASHELLS,319.0,15
7330,392800,Caesar,Caesar,VOLCANIC_ROCK_VOUCHER_9750,SEASHELLS,319.0,1
7340,393000,Camilla,Pablo,VOLCANIC_ROCK_VOUCHER_9750,SEASHELLS,320.0,11
7347,393100,Camilla,Pablo,VOLCANIC_ROCK_VOUCHER_9750,SEASHELLS,323.0,10
7361,393500,Camilla,Penelope,VOLCANIC_ROCK_VOUCHER_9750,SEASHELLS,316.0,16
7371,394300,Camilla,Caesar,VOLCANIC_ROCK_VOUCHER_9750,SEASHELLS,320.0,17
7452,399200,Camilla,Pablo,VOLCANIC_ROCK_VOUCHER_9750,SEASHELLS,351.0,10
7493,401300,Camilla,Caesar,VOLCANIC_ROCK_VOUCHER_9750,SEASHELLS,338.0,12
7494,401300,Caesar,Caesar,VOLCANIC_ROCK_VOUCHER_9750,SEASHELLS,338.0,1
7501,401500,Camilla,Caesar,VOLCANIC_ROCK_VOUCHER_9750,SEASHELLS,338.0,12
7516,402000,Camilla,Caesar,VOLCANIC_ROCK_VOUCHER_9750,SEASHELLS,334.0,14
7523,402100,Penelope,Camilla,VOLCANIC_ROCK_VOUCHER_9750,SEASHELLS,334.0,10
7524,402100,Penelope,Caesar,VOLCANIC_ROCK_VOUCHER_9750,SEASHELLS,334.0,1
7531,402400,Camilla,Caesar,VOLCANIC_ROCK_VOUCHER_9750,SEASHELLS,319.0,12
7542,403400,Camilla,Penelope,VOLCANIC_ROCK_VOUCHER_9750,SEASHELLS,315.0,13
7566,404400,Camilla,Caesar,VOLCANIC_ROCK_VOUCHER_9750,SEASHELLS,313.0,15
7590,405200,Camilla,Caesar,VOLCANIC_ROCK_VOUCHER_9750,SEASHELLS,318.0,13
7603,406400,Penelope,Camilla,VOLCANIC_ROCK_VOUCHER_9750,SEASHELLS,320.0,15
7613,407100,Camilla,Caesar,VOLCANIC_ROCK_VOUCHER_9750,SEASHELLS,322.0,13
7659,410100,Camilla,Penelope,VOLCANIC_ROCK_VOUCHER_9750,SEASHELLS,286.0,15
7664,410500,Camilla,Caesar,VOLCANIC_ROCK_VOUCHER_9750,SEASHELLS,287.0,15
7708,412300,Penelope,Camilla,VOLCANIC_ROCK_VOUCHER_9750,SEASHELLS,311.0,10
7721,413100,Penelope,Camilla,VOLCANIC_ROCK_VOUCHER_9750,SEASHELLS,309.0,12
7733,413800,Camilla,Penelope,VOLCANIC_ROCK_VOUCHER_9750,SEASHELLS,308.0,11
7747,414400,Camilla,Caesar,VOLCANIC_ROCK_VOUCHER_9750,SEASHELLS,298.0,10
7748,414400,Caesar,Caesar,VOLCANIC_ROCK_VOUCHER_9750,SEASHELLS,298.0,2
7756,414600,Camilla,Caesar,VOLCANIC_ROCK_VOUCHER_9750,SEASHELLS,300.0,20
7770,415600,Camilla,Caesar,VOLCANIC_ROCK_VOUCHER_9750,SEASHELLS,292.0,11
7801,417500,Camilla,Penelope,VOLCANIC_ROCK_VOUCHER_9750,SEASHELLS,303.0,10
7815,418300,Camilla,Caesar,VOLCANIC_ROCK_VOUCHER_9750,SEASHELLS,304.0,10
7831,419500,Camilla,Penelope,VOLCANIC_ROCK_VOUCHER_9750,SEASHELLS,302.0,15
7832,419500,Caesar,Penelope,VOLCANIC_ROCK_VOUCHER_9750,SEASHELLS,302.0,1
7863,421500,Penelope,Camilla,VOLCANIC_ROCK_VOUCHER_9750,SEASHELLS,301.0,14
7871,421900,Camilla,Pablo,VOLCANIC_ROCK_VOUCHER_9750,SEASHELLS,309.0,13
7882,422400,Camilla,Pablo,VOLCANIC_ROCK_VOUCHER_9750,SEASHELLS,312.0,12
7925,425300,Camilla,Penelope,VOLCANIC_ROCK_VOUCHER_9750,SEASHELLS,315.0,11
7968,426600,Camilla,Caesar,VOLCANIC_ROCK_VOUCHER_9750,SEASHELLS,316.0,12
7969,426600,Caesar,Caesar,VOLCANIC_ROCK_VOUCHER_9750,SEASHELLS,316.0,1
7990,427800,Camilla,Caesar,VOLCANIC_ROCK_VOUCHER_9750,SEASHELLS,317.0,11
8003,428800,Camilla,Penelope,VOLCANIC_ROCK_VOUCHER_9750,SEASHELLS,303.0,10
8017,429500,Camilla,Caesar,VOLCANIC_ROCK_VOUCHER_9750,SEASHELLS,308.0,17
8043,431700,Camilla,Penelope,VOLCANIC_ROCK_VOUCHER_9750,SEASHELLS,314.0,12
8067,432900,Camilla,Caesar,VOLCANIC_ROCK_VOUCHER_9750,SEASHELLS,303.0,14
8092,434800,Camilla,Caesar,VOLCANIC_ROCK_VOUCHER_9750,SEASHELLS,305.0,11
8100,435200,Camilla,Caesar,VOLCANIC_ROCK_VOUCHER_9750,SEASHELLS,304.0,10
8111,435600,Camilla,Caesar,VOLCANIC_ROCK_VOUCHER_9750,SEASHELLS,306.0,13
8120,435700,Camilla,Caesar,VOLCANIC_ROCK_VOUCHER_9750,SEASHELLS,303.0,18
8143,436500,Camilla,Caesar,VOLCANIC_ROCK_VOUCHER_9750,SEASHELLS,301.0,13
8144,436500,Caesar,Caesar,VOLCANIC_ROCK_VOUCHER_9750,SEASHELLS,301.0,1
8196,439400,Camilla,Caesar,VOLCANIC_ROCK_VOUCHER_9750,SEASHELLS,297.0,12
8211,440500,Camilla,Caesar,VOLCANIC_ROCK_VOUCHER_9750,SEASHELLS,303.0,11
8234,441600,Camilla,Caesar,VOLCANIC_ROCK_VOUCHER_9750,SEASHELLS,313.0,14
8235,441600,Caesar,Caesar,VOLCANIC_ROCK_VOUCHER_9750,SEASHELLS,313.0,1
8246,442000,Camilla,Caesar,VOLCANIC_ROCK_VOUCHER_9750,SEASHELLS,314.0,17
8247,442000,Caesar,Caesar,VOLCANIC_ROCK_VOUCHER_9750,SEASHELLS,314.0,2
8252,442100,Camilla,Caesar,VOLCANIC_ROCK_VOUCHER_9750,SEASHELLS,313.0,13
8261,442900,Camilla,Pablo,VOLCANIC_ROCK_VOUCHER_9750,SEASHELLS,322.0,10
8280,443700,Camilla,Caesar,VOLCANIC_ROCK_VOUCHER_9750,SEASHELLS,324.0,11
8296,444500,Camilla,Penelope,VOLCANIC_ROCK_VOUCHER_9750,SEASHELLS,328.0,16
8297,444500,Caesar,Penelope,VOLCANIC_ROCK_VOUCHER_9750,SEASHELLS,328.0,2
8306,444600,Camilla,Caesar,VOLCANIC_ROCK_VOUCHER_9750,SEASHELLS,325.0,10
8307,444600,Caesar,Caesar,VOLCANIC_ROCK_VOUCHER_9750,SEASHELLS,325.0,2
8321,445000,Camilla,Caesar,VOLCANIC_ROCK_VOUCHER_9750,SEASHELLS,323.0,11
8332,445500,Camilla,Caesar,VOLCANIC_ROCK_VOUCHER_9750,SEASHELLS,326.0,11
8347,446800,Camilla,Pablo,VOLCANIC_ROCK_VOUCHER_9750,SEASHELLS,347.0,8
8387,449100,Camilla,Caesar,VOLCANIC_ROCK_VOUCHER_9750,SEASHELLS,357.0,17
8398,449600,Camilla,Caesar,VOLCANIC_ROCK_VOUCHER_9750,SEASHELLS,354.0,12
8399,449600,Caesar,Caesar,VOLCANIC_ROCK_VOUCHER_9750,SEASHELLS,354.0,2
8404,449700,Camilla,Penelope,VOLCANIC_ROCK_VOUCHER_9750,SEASHELLS,353.0,12
8414,449900,Camilla,Caesar,VOLCANIC_ROCK_VOUCHER_9750,SEASHELLS,349.0,15
8415,449900,Caesar,Caesar,VOLCANIC_ROCK_VOUCHER_9750,SEASHELLS,349.0,2
8426,450400,Camilla,Caesar,VOLCANIC_ROCK_VOUCHER_9750,SEASHELLS,338.0,11
8427,450400,Caesar,Caesar,VOLCANIC_ROCK_VOUCHER_9750,SEASHELLS,338.0,1
8456,451800,Camilla,Caesar,VOLCANIC_ROCK_VOUCHER_9750,SEASHELLS,341.0,13
8488,453900,Camilla,Pablo,VOLCANIC_ROCK_VOUCHER_9750,SEASHELLS,329.0,11
8489,453900,Caesar,Pablo,VOLCANIC_ROCK_VOUCHER_9750,SEASHELLS,329.0,1
8522,456300,Camilla,Pablo,VOLCANIC_ROCK_VOUCHER_9750,SEASHELLS,324.0,13
8523,456300,Caesar,Pablo,VOLCANIC_ROCK_VOUCHER_9750,SEASHELLS,324.0,2
8531,456800,Camilla,Caesar,VOLCANIC_ROCK_VOUCHER_9750,SEASHELLS,324.0,10
8571,458500,Camilla,Caesar,VOLCANIC_ROCK_VOUCHER_9750,SEASHELLS,330.0,19
8572,458500,Caesar,Caesar,VOLCANIC_ROCK_VOUCHER_9750,SEASHELLS,330.0,1
8587,459100,Camilla,Caesar,VOLCANIC_ROCK_VOUCHER_9750,SEASHELLS,338.0,16
8625,461400,Penelope,Camilla,VOLCANIC_ROCK_VOUCHER_9750,SEASHELLS,344.0,12
8632,461600,Camilla,Caesar,VOLCANIC_ROCK_VOUCHER_9750,SEASHELLS,345.0,16
8667,463700,Camilla,Pablo,VOLCANIC_ROCK_VOUCHER_9750,SEASHELLS,357.0,8
8684,464800,Penelope,Camilla,VOLCANIC_ROCK_VOUCHER_9750,SEASHELLS,361.0,10
8692,465400,Camilla,Pablo,VOLCANIC_ROCK_VOUCHER_9750,SEASHELLS,356.0,13
8714,466800,Camilla,Penelope,VOLCANIC_ROCK_VOUCHER_9750,SEASHELLS,348.0,15
8735,467600,Camilla,Caesar,VOLCANIC_ROCK_VOUCHER_9750,SEASHELLS,344.0,12
8736,467600,Caesar,Caesar,VOLCANIC_ROCK_VOUCHER_9750,SEASHELLS,344.0,2
8743,467800,Camilla,Caesar,VOLCANIC_ROCK_VOUCHER_9750,SEASHELLS,347.0,13
8755,468100,Camilla,Caesar,VOLCANIC_ROCK_VOUCHER_9750,SEASHELLS,343.0,14
8756,468100,Caesar,Caesar,VOLCANIC_ROCK_VOUCHER_9750,SEASHELLS,343.0,2
8793,470000,Camilla,Caesar,VOLCANIC_ROCK_VOUCHER_9750,SEASHELLS,361.0,12
8794,470000,Caesar,Caesar,VOLCANIC_ROCK_VOUCHER_9750,SEASHELLS,361.0,1
8800,470300,Camilla,Pablo,VOLCANIC_ROCK_VOUCHER_9750,SEASHELLS,363.0,6
8809,470700,Camilla,Caesar,VOLCANIC_ROCK_VOUCHER_9750,SEASHELLS,366.0,11
8821,471000,Camilla,Caesar,VOLCANIC_ROCK_VOUCHER_9750,SEASHELLS,363.0,10
8841,472000,Camilla,Caesar,VOLCANIC_ROCK_VOUCHER_9750,SEASHELLS,360.0,10
8864,473100,Camilla,Caesar,VOLCANIC_ROCK_VOUCHER_9750,SEASHELLS,361.0,11
8878,473800,Camilla,Pablo,VOLCANIC_ROCK_VOUCHER_9750,SEASHELLS,354.0,15
8930,476500,Camilla,Penelope,VOLCANIC_ROCK_VOUCHER_9750,SEASHELLS,341.0,14
8950,477100,Camilla,Caesar,VOLCANIC_ROCK_VOUCHER_9750,SEASHELLS,347.0,14
8951,477100,Caesar,Caesar,VOLCANIC_ROCK_VOUCHER_9750,SEASHELLS,347.0,1
8965,477700,Camilla,Caesar,VOLCANIC_ROCK_VOUCHER_9750,SEASHELLS,341.0,10
8979,478200,Camilla,Caesar,VOLCANIC_ROCK_VOUCHER_9750,SEASHELLS,347.0,12
9001,479000,Camilla,Caesar,VOLCANIC_ROCK_VOUCHER_9750,SEASHELLS,346.0,13
9002,479000,Caesar,Caesar,VOLCANIC_ROCK_VOUCHER_9750,SEASHELLS,346.0,2
9022,480300,Camilla,Caesar,VOLCANIC_ROCK_VOUCHER_9750,SEASHELLS,360.0,17
9038,480800,Penelope,Camilla,VOLCANIC_ROCK_VOUCHER_9750,SEASHELLS,355.0,10
9039,480800,Penelope,Caesar,VOLCANIC_ROCK_VOUCHER_9750,SEASHELLS,355.0,1
9077,482900,Penelope,Camilla,VOLCANIC_ROCK_VOUCHER_9750,SEASHELLS,355.0,15
9078,482900,Penelope,Caesar,VOLCANIC_ROCK_VOUCHER_9750,SEASHELLS,355.0,1
9089,483800,Camilla,Caesar,VOLCANIC_ROCK_VOUCHER_9750,SEASHELLS,355.0,12
9119,485300,Camilla,Caesar,VOLCANIC_ROCK_VOUCHER_9750,SEASHELLS,342.0,11
9120,485300,Caesar,Caesar,VOLCANIC_ROCK_VOUCHER_9750,SEASHELLS,342.0,1
9134,486100,Camilla,Caesar,VOLCANIC_ROCK_VOUCHER_9750,SEASHELLS,339.0,10
9173,489100,Penelope,Camilla,VOLCANIC_ROCK_VOUCHER_9750,SEASHELLS,336.0,12
9174,489100,Penelope,Caesar,VOLCANIC_ROCK_VOUCHER_9750,SEASHELLS,336.0,1
9180,489400,Camilla,Caesar,VOLCANIC_ROCK_VOUCHER_9750,SEASHELLS,335.0,11
9197,490900,Penelope,Camilla,VOLCANIC_ROCK_VOUCHER_9750,SEASHELLS,356.0,15
9228,492200,Camilla,Caesar,VOLCANIC_ROCK_VOUCHER_9750,SEASHELLS,378.0,11
9229,492200,Caesar,Caesar,VOLCANIC_ROCK_VOUCHER_9750,SEASHELLS,378.0,2
9242,492900,Camilla,Pablo,VOLCANIC_ROCK_VOUCHER_9750,SEASHELLS,383.0,14
9280,494700,Camilla,Pablo,VOLCANIC_ROCK_VOUCHER_9750,SEASHELLS,374.0,7
9281,494700,Penelope,Camilla,VOLCANIC_ROCK_VOUCHER_9750,SEASHELLS,375.0,12
9302,495800,Camilla,Caesar,VOLCANIC_ROCK_VOUCHER_9750,SEASHELLS,373.0,12
9303,495800,Caesar,Caesar,VOLCANIC_ROCK_VOUCHER_9750,SEASHELLS,373.0,2
9315,496100,Camilla,Caesar,VOLCANIC_ROCK_VOUCHER_9750,SEASHELLS,370.0,13
9340,497100,Camilla,Penelope,VOLCANIC_ROCK_VOUCHER_9750,SEASHELLS,374.0,13
9341,497100,Caesar,Penelope,VOLCANIC_ROCK_VOUCHER_9750,SEASHELLS,374.0,1
9356,498000,Camilla,Caesar,VOLCANIC_ROCK_VOUCHER_9750,SEASHELLS,371.0,10
9373,498600,Camilla,Pablo,VOLCANIC_ROCK_VOUCHER_9750,SEASHELLS,361.0,14
9402,500500,Camilla,Caesar,VOLCANIC_ROCK_VOUCHER_9750,SEASHELLS,365.0,12
9403,500500,Caesar,Caesar,VOLCANIC_ROCK_VOUCHER_9750,SEASHELLS,365.0,2
9436,502300,Camilla,Caesar,VOLCANIC_ROCK_VOUCHER_9750,SEASHELLS,376.0,16
9437,502300,Caesar,Caesar,VOLCANIC_ROCK_VOUCHER_9750,SEASHELLS,376.0,2
9451,502600,Camilla,Caesar,VOLCANIC_ROCK_VOUCHER_9750,SEASHELLS,372.0,12
9452,502600,Caesar,Caesar,VOLCANIC_ROCK_VOUCHER_9750,SEASHELLS,372.0,2
9477,504300,Camilla,Caesar,VOLCANIC_ROCK_VOUCHER_9750,SEASHELLS,374.0,11
9487,504700,Camilla,Penelope,VOLCANIC_ROCK_VOUCHER_9750,SEASHELLS,373.0,12
9488,504700,Caesar,Penelope,VOLCANIC_ROCK_VOUCHER_9750,SEASHELLS,373.0,1
9499,505500,Camilla,Penelope,VOLCANIC_ROCK_VOUCHER_9750,SEASHELLS,370.0,15
9509,505900,Camilla,Caesar,VOLCANIC_ROCK_VOUCHER_9750,SEASHELLS,368.0,15
9543,508100,Camilla,Pablo,VOLCANIC_ROCK_VOUCHER_9750,SEASHELLS,368.0,7
9574,509700,Penelope,Camilla,VOLCANIC_ROCK_VOUCHER_9750,SEASHELLS,361.0,14
9575,509700,Penelope,Caesar,VOLCANIC_ROCK_VOUCHER_9750,SEASHELLS,361.0,2
9598,511100,Camilla,Caesar,VOLCANIC_ROCK_VOUCHER_9750,SEASHELLS,356.0,11
9605,511400,Camilla,Penelope,VOLCANIC_ROCK_VOUCHER_9750,SEASHELLS,355.0,14
9606,511400,Caesar,Penelope,VOLCANIC_ROCK_VOUCHER_9750,SEASHELLS,355.0,1
9624,512800,Camilla,Caesar,VOLCANIC_ROCK_VOUCHER_9750,SEASHELLS,375.0,10
9625,512800,Caesar,Caesar,VOLCANIC_ROCK_VOUCHER_9750,SEASHELLS,375.0,2
9658,515100,Camilla,Pablo,VOLCANIC_ROCK_VOUCHER_9750,SEASHELLS,375.0,10
9678,516500,Camilla,Caesar,VOLCANIC_ROCK_VOUCHER_9750,SEASHELLS,382.0,12
9727,519300,Camilla,Caesar,VOLCANIC_ROCK_VOUCHER_9750,SEASHELLS,382.0,16
9728,519300,Caesar,Caesar,VOLCANIC_ROCK_VOUCHER_9750,SEASHELLS,382.0,2
9765,521200,Camilla,Penelope,VOLCANIC_ROCK_VOUCHER_9750,SEASHELLS,376.0,13
9766,521200,Caesar,Penelope,VOLCANIC_ROCK_VOUCHER_9750,SEASHELLS,376.0,1
9801,523200,Camilla,Caesar,VOLCANIC_ROCK_VOUCHER_9750,SEASHELLS,403.0,14
9816,523900,Camilla,Caesar,VOLCANIC_ROCK_VOUCHER_9750,SEASHELLS,394.0,14
9817,523900,Camilla,Penelope,VOLCANIC_ROCK_VOUCHER_9750,SEASHELLS,394.0,1
9865,527300,Camilla,Caesar,VOLCANIC_ROCK_VOUCHER_9750,SEASHELLS,396.0,18
9866,527300,Caesar,Caesar,VOLCANIC_ROCK_VOUCHER_9750,SEASHELLS,396.0,1
9893,529100,Camilla,Caesar,VOLCANIC_ROCK_VOUCHER_9750,SEASHELLS,396.0,10
9899,529500,Penelope,Camilla,VOLCANIC_ROCK_VOUCHER_9750,SEASHELLS,399.0,12
9900,529500,Penelope,Caesar,VOLCANIC_ROCK_VOUCHER_9750,SEASHELLS,399.0,2
9925,531300,Camilla,Penelope,VOLCANIC_ROCK_VOUCHER_9750,SEASHELLS,392.0,11
9937,531900,Camilla,Penelope,VOLCANIC_ROCK_VOUCHER_9750,SEASHELLS,394.0,14
9938,531900,Caesar,Penelope,VOLCANIC_ROCK_VOUCHER_9750,SEASHELLS,394.0,2
9993,535700,Camilla,Caesar,VOLCANIC_ROCK_VOUCHER_9750,SEASHELLS,415.0,16
9994,535700,Caesar,Caesar,VOLCANIC_ROCK_VOUCHER_9750,SEASHELLS,415.0,1
10036,537400,Camilla,Caesar,VOLCANIC_ROCK_VOUCHER_9750,SEASHELLS,398.0,13
10037,537400,Caesar,Caesar,VOLCANIC_ROCK_VOUCHER_9750,SEASHELLS,398.0,1
10051,538400,Camilla,Caesar,VOLCANIC_ROCK_VOUCHER_9750,SEASHELLS,395.0,14
10061,538800,Camilla,Caesar,VOLCANIC_ROCK_VOUCHER_9750,SEASHELLS,391.0,15
10062,538800,Camilla,Penelope,VOLCANIC_ROCK_VOUCHER_9750,SEASHELLS,391.0,3
10063,538800,Caesar,Penelope,VOLCANIC_ROCK_VOUCHER_9750,SEASHELLS,391.0,2
10095,541100,Camilla,Caesar,VOLCANIC_ROCK_VOUCHER_9750,SEASHELLS,386.0,18
10096,541100,Caesar,Caesar,VOLCANIC_ROCK_VOUCHER_9750,SEASHELLS,386.0,1
10103,541200,Penelope,Camilla,VOLCANIC_ROCK_VOUCHER_9750,SEASHELLS,386.0,16
10122,542500,Penelope,Camilla,VOLCANIC_ROCK_VOUCHER_9750,SEASHELLS,404.0,18
10144,544000,Camilla,Penelope,VOLCANIC_ROCK_VOUCHER_9750,SEASHELLS,401.0,15
10155,544300,Camilla,Pablo,VOLCANIC_ROCK_VOUCHER_9750,SEASHELLS,400.0,11
10211,547900,Camilla,Penelope,VOLCANIC_ROCK_VOUCHER_9750,SEASHELLS,383.0,15
10222,548300,Penelope,Camilla,VOLCANIC_ROCK_VOUCHER_9750,SEASHELLS,377.0,17
10223,548300,Penelope,Caesar,VOLCANIC_ROCK_VOUCHER_9750,SEASHELLS,377.0,1
10248,550300,Camilla,Caesar,VOLCANIC_ROCK_VOUCHER_9750,SEASHELLS,370.0,15
10275,551900,Camilla,Penelope,VOLCANIC_ROCK_VOUCHER_9750,SEASHELLS,370.0,15
10290,552600,Camilla,Caesar,VOLCANIC_ROCK_VOUCHER_9750,SEASHELLS,362.0,11
10318,554400,Camilla,Penelope,VOLCANIC_ROCK_VOUCHER_9750,SEASHELLS,356.0,10
10319,554400,Caesar,Penelope,VOLCANIC_ROCK_VOUCHER_9750,SEASHELLS,356.0,2
10354,556500,Camilla,Caesar,VOLCANIC_ROCK_VOUCHER_9750,SEASHELLS,369.0,17
10355,556500,Caesar,Caesar,VOLCANIC_ROCK_VOUCHER_9750,SEASHELLS,369.0,2
10373,557500,Penelope,Camilla,VOLCANIC_ROCK_VOUCHER_9750,SEASHELLS,377.0,12
10379,557600,Camilla,Caesar,VOLCANIC_ROCK_VOUCHER_9750,SEASHELLS,376.0,10
10403,558700,Camilla,Caesar,VOLCANIC_ROCK_VOUCHER_9750,SEASHELLS,366.0,10
10412,559600,Camilla,Penelope,VOLCANIC_ROCK_VOUCHER_9750,SEASHELLS,363.0,12
10455,563900,Camilla,Caesar,VOLCANIC_ROCK_VOUCHER_9750,SEASHELLS,369.0,16
10470,564500,Camilla,Caesar,VOLCANIC_ROCK_VOUCHER_9750,SEASHELLS,368.0,11
10489,565300,Penelope,Camilla,VOLCANIC_ROCK_VOUCHER_9750,SEASHELLS,379.0,16
10523,567100,Camilla,Pablo,VOLCANIC_ROCK_VOUCHER_9750,SEASHELLS,370.0,9
10541,568200,Camilla,Caesar,VOLCANIC_ROCK_VOUCHER_9750,SEASHELLS,373.0,12
10568,570100,Camilla,Caesar,VOLCANIC_ROCK_VOUCHER_9750,SEASHELLS,373.0,11
10583,571200,Camilla,Pablo,VOLCANIC_ROCK_VOUCHER_9750,SEASHELLS,377.0,10
10619,573500,Penelope,Camilla,VOLCANIC_ROCK_VOUCHER_9750,SEASHELLS,383.0,14
10657,576400,Camilla,Penelope,VOLCANIC_ROCK_VOUCHER_9750,SEASHELLS,388.0,10
10671,577100,Penelope,Camilla,VOLCANIC_ROCK_VOUCHER_9750,SEASHELLS,385.0,17
10683,577200,Camilla,Caesar,VOLCANIC_ROCK_VOUCHER_9750,SEASHELLS,383.0,12
10684,577200,Caesar,Caesar,VOLCANIC_ROCK_VOUCHER_9750,SEASHELLS,383.0,1
10694,577700,Penelope,Camilla,VOLCANIC_ROCK_VOUCHER_9750,SEASHELLS,385.0,13
10722,579400,Camilla,Caesar,VOLCANIC_ROCK_VOUCHER_9750,SEASHELLS,372.0,19
10752,580400,Camilla,Caesar,VOLCANIC_ROCK_VOUCHER_9750,SEASHELLS,370.0,13
10753,580400,Caesar,Caesar,VOLCANIC_ROCK_VOUCHER_9750,SEASHELLS,370.0,2
10767,581800,Camilla,Penelope,VOLCANIC_ROCK_VOUCHER_9750,SEASHELLS,371.0,14
10773,582300,Camilla,Caesar,VOLCANIC_ROCK_VOUCHER_9750,SEASHELLS,365.0,18
10791,583500,Camilla,Penelope,VOLCANIC_ROCK_VOUCHER_9750,SEASHELLS,363.0,14
10802,584600,Camilla,Caesar,VOLCANIC_ROCK_VOUCHER_9750,SEASHELLS,356.0,10
10803,584600,Caesar,Caesar,VOLCANIC_ROCK_VOUCHER_9750,SEASHELLS,356.0,1
10815,585000,Camilla,Caesar,VOLCANIC_ROCK_VOUCHER_9750,SEASHELLS,360.0,11
10816,585000,Caesar,Caesar,VOLCANIC_ROCK_VOUCHER_9750,SEASHELLS,360.0,2
10831,585700,Camilla,Caesar,VOLCANIC_ROCK_VOUCHER_9750,SEASHELLS,368.0,11
10853,587200,Camilla,Caesar,VOLCANIC_ROCK_VOUCHER_9750,SEASHELLS,360.0,10
10870,588100,Camilla,Caesar,VOLCANIC_ROCK_VOUCHER_9750,SEASHELLS,362.0,19
10896,589100,Camilla,Caesar,VOLCANIC_ROCK_VOUCHER_9750,SEASHELLS,367.0,15
10897,589100,Caesar,Caesar,VOLCANIC_ROCK_VOUCHER_9750,SEASHELLS,367.0,1
10905,589800,Camilla,Caesar,VOLCANIC_ROCK_VOUCHER_9750,SEASHELLS,368.0,15
10926,590400,Camilla,Caesar,VOLCANIC_ROCK_VOUCHER_9750,SEASHELLS,369.0,15
10927,590400,Caesar,Caesar,VOLCANIC_ROCK_VOUCHER_9750,SEASHELLS,369.0,1
10937,591300,Pablo,Camilla,VOLCANIC_ROCK_VOUCHER_9750,SEASHELLS,383.0,14
10938,591300,Camilla,Penelope,VOLCANIC_ROCK_VOUCHER_9750,SEASHELLS,382.0,20
10974,592900,Penelope,Camilla,VOLCANIC_ROCK_VOUCHER_9750,SEASHELLS,379.0,10
10983,593000,Camilla,Caesar,VOLCANIC_ROCK_VOUCHER_9750,SEASHELLS,377.0,10
11006,593800,Camilla,Caesar,VOLCANIC_ROCK_VOUCHER_9750,SEASHELLS,376.0,11
11007,593800,Caesar,Caesar,VOLCANIC_ROCK_VOUCHER_9750,SEASHELLS,376.0,1
11023,595100,Penelope,Camilla,VOLCANIC_ROCK_VOUCHER_9750,SEASHELLS,378.0,12
11095,601000,Camilla,Caesar,VOLCANIC_ROCK_VOUCHER_9750,SEASHELLS,369.0,14
11096,601000,Caesar,Caesar,VOLCANIC_ROCK_VOUCHER_9750,SEASHELLS,369.0,2
11104,601500,Camilla,Caesar,VOLCANIC_ROCK_VOUCHER_9750,SEASHELLS,365.0,19
11127,602500,Camilla,Caesar,VOLCANIC_ROCK_VOUCHER_9750,SEASHELLS,364.0,13
11128,602500,Penelope,Camilla,VOLCANIC_ROCK_VOUCHER_9750,SEASHELLS,365.0,12
11137,602800,Camilla,Caesar,VOLCANIC_ROCK_VOUCHER_9750,SEASHELLS,370.0,13
11143,603100,Penelope,Camilla,VOLCANIC_ROCK_VOUCHER_9750,SEASHELLS,381.0,16
11164,604000,Camilla,Caesar,VOLCANIC_ROCK_VOUCHER_9750,SEASHELLS,396.0,14
11165,604000,Camilla,Penelope,VOLCANIC_ROCK_VOUCHER_9750,SEASHELLS,396.0,1
11194,605300,Camilla,Caesar,VOLCANIC_ROCK_VOUCHER_9750,SEASHELLS,394.0,10
11195,605300,Caesar,Caesar,VOLCANIC_ROCK_VOUCHER_9750,SEASHELLS,394.0,2
11209,606000,Camilla,Pablo,VOLCANIC_ROCK_VOUCHER_9750,SEASHELLS,388.0,10
11229,607600,Penelope,Camilla,VOLCANIC_ROCK_VOUCHER_9750,SEASHELLS,384.0,15
11241,608100,Camilla,Caesar,VOLCANIC_ROCK_VOUCHER_9750,SEASHELLS,380.0,13
11248,608300,Camilla,Penelope,VOLCANIC_ROCK_VOUCHER_9750,SEASHELLS,386.0,18
11249,608300,Caesar,Penelope,VOLCANIC_ROCK_VOUCHER_9750,SEASHELLS,386.0,1
11286,610400,Camilla,Caesar,VOLCANIC_ROCK_VOUCHER_9750,SEASHELLS,397.0,11
11296,611300,Camilla,Caesar,VOLCANIC_ROCK_VOUCHER_9750,SEASHELLS,406.0,17
11312,612500,Camilla,Caesar,VOLCANIC_ROCK_VOUCHER_9750,SEASHELLS,395.0,11
11313,612500,Caesar,Caesar,VOLCANIC_ROCK_VOUCHER_9750,SEASHELLS,395.0,1
11322,612700,Camilla,Caesar,VOLCANIC_ROCK_VOUCHER_9750,SEASHELLS,396.0,13
11363,615200,Penelope,Camilla,VOLCANIC_ROCK_VOUCHER_9750,SEASHELLS,437.0,12
11390,616600,Camilla,Pablo,VOLCANIC_ROCK_VOUCHER_9750,SEASHELLS,440.0,12
11405,617600,Penelope,Camilla,VOLCANIC_ROCK_VOUCHER_9750,SEASHELLS,439.0,15
11406,617600,Penelope,Caesar,VOLCANIC_ROCK_VOUCHER_9750,SEASHELLS,439.0,2
11430,618800,Penelope,Camilla,VOLCANIC_ROCK_VOUCHER_9750,SEASHELLS,432.0,13
11439,619300,Camilla,Caesar,VOLCANIC_ROCK_VOUCHER_9750,SEASHELLS,429.0,16
11451,619500,Camilla,Caesar,VOLCANIC_ROCK_VOUCHER_9750,SEASHELLS,428.0,15
11452,619500,Caesar,Caesar,VOLCANIC_ROCK_VOUCHER_9750,SEASHELLS,428.0,2
11477,621300,Camilla,Caesar,VOLCANIC_ROCK_VOUCHER_9750,SEASHELLS,422.0,10
11494,622100,Camilla,Caesar,VOLCANIC_ROCK_VOUCHER_9750,SEASHELLS,427.0,12
11528,623900,Camilla,Caesar,VOLCANIC_ROCK_VOUCHER_9750,SEASHELLS,435.0,13
11549,624200,Camilla,Caesar,VOLCANIC_ROCK_VOUCHER_9750,SEASHELLS,433.0,15
11550,624200,Caesar,Caesar,VOLCANIC_ROCK_VOUCHER_9750,SEASHELLS,433.0,1
11551,624200,Penelope,Caesar,VOLCANIC_ROCK_VOUCHER_9750,SEASHELLS,433.0,2
11567,625400,Camilla,Caesar,VOLCANIC_ROCK_VOUCHER_9750,SEASHELLS,411.0,14
11577,625600,Camilla,Caesar,VOLCANIC_ROCK_VOUCHER_9750,SEASHELLS,416.0,17
11578,625600,Caesar,Caesar,VOLCANIC_ROCK_VOUCHER_9750,SEASHELLS,416.0,2
11614,628400,Camilla,Caesar,VOLCANIC_ROCK_VOUCHER_9750,SEASHELLS,430.0,11
11630,629100,Penelope,Caesar,VOLCANIC_ROCK_VOUCHER_9750,SEASHELLS,431.0,11
11646,629800,Camilla,Caesar,VOLCANIC_ROCK_VOUCHER_9750,SEASHELLS,432.0,15
11712,634900,Camilla,Caesar,VOLCANIC_ROCK_VOUCHER_9750,SEASHELLS,455.0,10
11713,634900,Caesar,Caesar,VOLCANIC_ROCK_VOUCHER_9750,SEASHELLS,455.0,1
11723,635700,Penelope,Camilla,VOLCANIC_ROCK_VOUCHER_9750,SEASHELLS,440.0,12
11761,637500,Camilla,Pablo,VOLCANIC_ROCK_VOUCHER_9750,SEASHELLS,446.0,5
11766,637600,Camilla,Caesar,VOLCANIC_ROCK_VOUCHER_9750,SEASHELLS,447.0,17
11776,638300,Camilla,Pablo,VOLCANIC_ROCK_VOUCHER_9750,SEASHELLS,427.0,5
11852,643400,Camilla,Caesar,VOLCANIC_ROCK_VOUCHER_9750,SEASHELLS,424.0,12
11867,644100,Camilla,Penelope,VOLCANIC_ROCK_VOUCHER_9750,SEASHELLS,422.0,15
11868,644100,Caesar,Penelope,VOLCANIC_ROCK_VOUCHER_9750,SEASHELLS,422.0,1
11895,645500,Camilla,Caesar,VOLCANIC_ROCK_VOUCHER_9750,SEASHELLS,426.0,12
11896,645500,Caesar,Caesar,VOLCANIC_ROCK_VOUCHER_9750,SEASHELLS,426.0,1
11908,646300,Camilla,Caesar,VOLCANIC_ROCK_VOUCHER_9750,SEASHELLS,430.0,12
11919,647300,Camilla,Caesar,VOLCANIC_ROCK_VOUCHER_9750,SEASHELLS,434.0,17
11931,648000,Penelope,Camilla,VOLCANIC_ROCK_VOUCHER_9750,SEASHELLS,428.0,12
11961,650000,Camilla,Caesar,VOLCANIC_ROCK_VOUCHER_9750,SEASHELLS,425.0,12
11974,651200,Penelope,Camilla,VOLCANIC_ROCK_VOUCHER_9750,SEASHELLS,439.0,10
11996,652300,Camilla,Pablo,VOLCANIC_ROCK_VOUCHER_9750,SEASHELLS,448.0,10
12046,654900,Camilla,Caesar,VOLCANIC_ROCK_VOUCHER_9750,SEASHELLS,447.0,11
12059,656000,Penelope,Camilla,VOLCANIC_ROCK_VOUCHER_9750,SEASHELLS,437.0,16
12082,656700,Camilla,Caesar,VOLCANIC_ROCK_VOUCHER_9750,SEASHELLS,429.0,15
12113,658600,Camilla,Caesar,VOLCANIC_ROCK_VOUCHER_9750,SEASHELLS,433.0,11
12114,658600,Caesar,Caesar,VOLCANIC_ROCK_VOUCHER_9750,SEASHELLS,433.0,1
12131,660200,Camilla,Caesar,VOLCANIC_ROCK_VOUCHER_9750,SEASHELLS,431.0,15
12139,660500,Camilla,Caesar,VOLCANIC_ROCK_VOUCHER_9750,SEASHELLS,431.0,14
12144,660600,Penelope,Camilla,VOLCANIC_ROCK_VOUCHER_9750,SEASHELLS,432.0,10
12145,660600,Penelope,Caesar,VOLCANIC_ROCK_VOUCHER_9750,SEASHELLS,432.0,1
12166,661500,Camilla,Caesar,VOLCANIC_ROCK_VOUCHER_9750,SEASHELLS,429.0,12
12167,661500,Caesar,Caesar,VOLCANIC_ROCK_VOUCHER_9750,SEASHELLS,429.0,1
12208,664600,Camilla,Pablo,VOLCANIC_ROCK_VOUCHER_9750,SEASHELLS,472.0,9
12217,664900,Penelope,Camilla,VOLCANIC_ROCK_VOUCHER_9750,SEASHELLS,474.0,12
12240,666100,Camilla,Caesar,VOLCANIC_ROCK_VOUCHER_9750,SEASHELLS,476.0,13
12241,666100,Caesar,Caesar,VOLCANIC_ROCK_VOUCHER_9750,SEASHELLS,476.0,2
12258,666500,Camilla,Penelope,VOLCANIC_ROCK_VOUCHER_9750,SEASHELLS,468.0,10
12259,666500,Caesar,Penelope,VOLCANIC_ROCK_VOUCHER_9750,SEASHELLS,468.0,2
12260,666500,Caesar,Penelope,VOLCANIC_ROCK_VOUCHER_9750,SEASHELLS,468.0,6
12287,667100,Camilla,Caesar,VOLCANIC_ROCK_VOUCHER_9750,SEASHELLS,467.0,12
12288,667100,Caesar,Caesar,VOLCANIC_ROCK_VOUCHER_9750,SEASHELLS,467.0,1
12299,667400,Camilla,Caesar,VOLCANIC_ROCK_VOUCHER_9750,SEASHELLS,463.0,15
12300,667400,Caesar,Caesar,VOLCANIC_ROCK_VOUCHER_9750,SEASHELLS,463.0,1
12420,675700,Camilla,Caesar,VOLCANIC_ROCK_VOUCHER_9750,SEASHELLS,463.0,10
12421,675700,Caesar,Caesar,VOLCANIC_ROCK_VOUCHER_9750,SEASHELLS,463.0,1
12439,676500,Camilla,Caesar,VOLCANIC_ROCK_VOUCHER_9750,SEASHELLS,468.0,19
12470,677900,Penelope,Camilla,VOLCANIC_ROCK_VOUCHER_9750,SEASHELLS,473.0,11
12471,677900,Penelope,Caesar,VOLCANIC_ROCK_VOUCHER_9750,SEASHELLS,473.0,2
12502,679500,Camilla,Penelope,VOLCANIC_ROCK_VOUCHER_9750,SEASHELLS,476.0,10
12503,679500,Caesar,Penelope,VOLCANIC_ROCK_VOUCHER_9750,SEASHELLS,476.0,2
12526,681400,Camilla,Caesar,VOLCANIC_ROCK_VOUCHER_9750,SEASHELLS,461.0,13
12537,681700,Camilla,Caesar,VOLCANIC_ROCK_VOUCHER_9750,SEASHELLS,465.0,14
12571,683600,Camilla,Caesar,VOLCANIC_ROCK_VOUCHER_9750,SEASHELLS,473.0,19
12586,684600,Camilla,Caesar,VOLCANIC_ROCK_VOUCHER_9750,SEASHELLS,482.0,16
12610,686000,Camilla,Penelope,VOLCANIC_ROCK_VOUCHER_9750,SEASHELLS,481.0,16
12611,686000,Caesar,Penelope,VOLCANIC_ROCK_VOUCHER_9750,SEASHELLS,481.0,1
12621,686400,Camilla,Caesar,VOLCANIC_ROCK_VOUCHER_9750,SEASHELLS,473.0,11
12629,686700,Penelope,Camilla,VOLCANIC_ROCK_VOUCHER_9750,SEASHELLS,471.0,12
12630,686700,Penelope,Caesar,VOLCANIC_ROCK_VOUCHER_9750,SEASHELLS,471.0,2
12692,691000,Camilla,Caesar,VOLCANIC_ROCK_VOUCHER_9750,SEASHELLS,489.0,11
12703,691100,Camilla,Caesar,VOLCANIC_ROCK_VOUCHER_9750,SEASHELLS,485.0,17
12704,691100,Caesar,Caesar,VOLCANIC_ROCK_VOUCHER_9750,SEASHELLS,485.0,1
12730,692200,Penelope,Caesar,VOLCANIC_ROCK_VOUCHER_9750,SEASHELLS,478.0,1
12741,692700,Camilla,Caesar,VOLCANIC_ROCK_VOUCHER_9750,SEASHELLS,474.0,14
12755,693200,Camilla,Caesar,VOLCANIC_ROCK_VOUCHER_9750,SEASHELLS,470.0,13
12768,693600,Camilla,Penelope,VOLCANIC_ROCK_VOUCHER_9750,SEASHELLS,467.0,16
12778,693900,Camilla,Caesar,VOLCANIC_ROCK_VOUCHER_9750,SEASHELLS,463.0,10
12779,693900,Caesar,Caesar,VOLCANIC_ROCK_VOUCHER_9750,SEASHELLS,463.0,1
12792,694100,Camilla,Caesar,VOLCANIC_ROCK_VOUCHER_9750,SEASHELLS,463.0,11
12793,694100,Caesar,Caesar,VOLCANIC_ROCK_VOUCHER_9750,SEASHELLS,463.0,1
12813,696000,Camilla,Penelope,VOLCANIC_ROCK_VOUCHER_9750,SEASHELLS,455.0,13
12827,697100,Camilla,Caesar,VOLCANIC_ROCK_VOUCHER_9750,SEASHELLS,464.0,13
12832,697400,Camilla,Penelope,VOLCANIC_ROCK_VOUCHER_9750,SEASHELLS,463.0,14
12841,698300,Camilla,Caesar,VOLCANIC_ROCK_VOUCHER_9750,SEASHELLS,464.0,14
12885,700700,Camilla,Caesar,VOLCANIC_ROCK_VOUCHER_9750,SEASHELLS,462.0,10
12886,700700,Caesar,Caesar,VOLCANIC_ROCK_VOUCHER_9750,SEASHELLS,462.0,1
12896,701000,Camilla,Caesar,VOLCANIC_ROCK_VOUCHER_9750,SEASHELLS,456.0,16
12897,701000,Penelope,Camilla,VOLCANIC_ROCK_VOUCHER_9750,SEASHELLS,457.0,19
12912,702300,Camilla,Penelope,VOLCANIC_ROCK_VOUCHER_9750,SEASHELLS,448.0,15
12918,702500,Penelope,Camilla,VOLCANIC_ROCK_VOUCHER_9750,SEASHELLS,445.0,18
12931,703600,Camilla,Pablo,VOLCANIC_ROCK_VOUCHER_9750,SEASHELLS,459.0,5
12945,704600,Camilla,Penelope,VOLCANIC_ROCK_VOUCHER_9750,SEASHELLS,462.0,11
12979,705600,Camilla,Penelope,VOLCANIC_ROCK_VOUCHER_9750,SEASHELLS,479.0,14
12980,705600,Caesar,Penelope,VOLCANIC_ROCK_VOUCHER_9750,SEASHELLS,479.0,1
12997,707000,Camilla,Caesar,VOLCANIC_ROCK_VOUCHER_9750,SEASHELLS,475.0,14
13008,707300,Camilla,Penelope,VOLCANIC_ROCK_VOUCHER_9750,SEASHELLS,469.0,17
13009,707300,Caesar,Penelope,VOLCANIC_ROCK_VOUCHER_9750,SEASHELLS,469.0,1
13026,708400,Camilla,Pablo,VOLCANIC_ROCK_VOUCHER_9750,SEASHELLS,472.0,13
13053,709800,Camilla,Pablo,VOLCANIC_ROCK_VOUCHER_9750,SEASHELLS,460.0,5
13070,710600,Camilla,Caesar,VOLCANIC_ROCK_VOUCHER_9750,SEASHELLS,451.0,12
13083,711300,Camilla,Caesar,VOLCANIC_ROCK_VOUCHER_9750,SEASHELLS,458.0,14
13084,711300,Caesar,Caesar,VOLCANIC_ROCK_VOUCHER_9750,SEASHELLS,458.0,2
13089,711400,Camilla,Caesar,VOLCANIC_ROCK_VOUCHER_9750,SEASHELLS,456.0,15
13109,713500,Camilla,Caesar,VOLCANIC_ROCK_VOUCHER_9750,SEASHELLS,451.0,17
13152,716400,Camilla,Pablo,VOLCANIC_ROCK_VOUCHER_9750,SEASHELLS,469.0,7
13207,718400,Camilla,Pablo,VOLCANIC_ROCK_VOUCHER_9750,SEASHELLS,470.0,8
13218,718900,Camilla,Pablo,VOLCANIC_ROCK_VOUCHER_9750,SEASHELLS,466.0,12
13244,720500,Camilla,Caesar,VOLCANIC_ROCK_VOUCHER_9750,SEASHELLS,478.0,11
13285,722800,Camilla,Pablo,VOLCANIC_ROCK_VOUCHER_9750,SEASHELLS,471.0,5
13286,722800,Camilla,Penelope,VOLCANIC_ROCK_VOUCHER_9750,SEASHELLS,471.0,8
13296,723200,Camilla,Penelope,VOLCANIC_ROCK_VOUCHER_9750,SEASHELLS,474.0,17
13297,723200,Caesar,Penelope,VOLCANIC_ROCK_VOUCHER_9750,SEASHELLS,474.0,1
13330,725000,Camilla,Caesar,VOLCANIC_ROCK_VOUCHER_9750,SEASHELLS,465.0,10
13339,725500,Penelope,Camilla,VOLCANIC_ROCK_VOUCHER_9750,SEASHELLS,459.0,11
13345,726000,Camilla,Penelope,VOLCANIC_ROCK_VOUCHER_9750,SEASHELLS,457.0,11
13360,726700,Camilla,Penelope,VOLCANIC_ROCK_VOUCHER_9750,SEASHELLS,461.0,15
13366,726800,Camilla,Pablo,VOLCANIC_ROCK_VOUCHER_9750,SEASHELLS,459.0,11
13377,727400,Camilla,Penelope,VOLCANIC_ROCK_VOUCHER_9750,SEASHELLS,461.0,15
13399,728300,Camilla,Pablo,VOLCANIC_ROCK_VOUCHER_9750,SEASHELLS,459.0,11
13440,730800,Camilla,Caesar,VOLCANIC_ROCK_VOUCHER_9750,SEASHELLS,457.0,10
13456,731400,Camilla,Caesar,VOLCANIC_ROCK_VOUCHER_9750,SEASHELLS,456.0,10
13457,731400,Caesar,Caesar,VOLCANIC_ROCK_VOUCHER_9750,SEASHELLS,456.0,2
13476,732900,Camilla,Penelope,VOLCANIC_ROCK_VOUCHER_9750,SEASHELLS,440.0,14
13501,734100,Camilla,Caesar,VOLCANIC_ROCK_VOUCHER_9750,SEASHELLS,446.0,12
13533,735900,Penelope,Camilla,VOLCANIC_ROCK_VOUCHER_9750,SEASHELLS,461.0,10
13539,736000,Camilla,Penelope,VOLCANIC_ROCK_VOUCHER_9750,SEASHELLS,462.0,18
13562,737100,Camilla,Caesar,VOLCANIC_ROCK_VOUCHER_9750,SEASHELLS,461.0,13
13570,737300,Camilla,Caesar,VOLCANIC_ROCK_VOUCHER_9750,SEASHELLS,464.0,17
13633,741000,Penelope,Camilla,VOLCANIC_ROCK_VOUCHER_9750,SEASHELLS,503.0,17
13649,742100,Camilla,Pablo,VOLCANIC_ROCK_VOUCHER_9750,SEASHELLS,507.0,6
13664,742700,Camilla,Caesar,VOLCANIC_ROCK_VOUCHER_9750,SEASHELLS,499.0,10
13665,742700,Caesar,Caesar,VOLCANIC_ROCK_VOUCHER_9750,SEASHELLS,499.0,2
13695,744700,Camilla,Penelope,VOLCANIC_ROCK_VOUCHER_9750,SEASHELLS,497.0,18
13737,747100,Camilla,Caesar,VOLCANIC_ROCK_VOUCHER_9750,SEASHELLS,498.0,12
13738,747100,Caesar,Caesar,VOLCANIC_ROCK_VOUCHER_9750,SEASHELLS,498.0,2
13752,747800,Camilla,Caesar,VOLCANIC_ROCK_VOUCHER_9750,SEASHELLS,491.0,11
13782,749600,Camilla,Caesar,VOLCANIC_ROCK_VOUCHER_9750,SEASHELLS,491.0,14
13797,750200,Camilla,Penelope,VOLCANIC_ROCK_VOUCHER_9750,SEASHELLS,484.0,12
13832,752500,Camilla,Caesar,VOLCANIC_ROCK_VOUCHER_9750,SEASHELLS,493.0,10
13833,752500,Caesar,Caesar,VOLCANIC_ROCK_VOUCHER_9750,SEASHELLS,493.0,1
13868,754800,Camilla,Caesar,VOLCANIC_ROCK_VOUCHER_9750,SEASHELLS,490.0,10
13888,755400,Camilla,Pablo,VOLCANIC_ROCK_VOUCHER_9750,SEASHELLS,486.0,5
13889,755400,Penelope,Camilla,VOLCANIC_ROCK_VOUCHER_9750,SEASHELLS,487.0,11
13915,757300,Camilla,Caesar,VOLCANIC_ROCK_VOUCHER_9750,SEASHELLS,498.0,18
13980,762000,Camilla,Caesar,VOLCANIC_ROCK_VOUCHER_9750,SEASHELLS,507.0,13
13981,762000,Camilla,Pablo,VOLCANIC_ROCK_VOUCHER_9750,SEASHELLS,507.0,1
13982,762000,Caesar,Pablo,VOLCANIC_ROCK_VOUCHER_9750,SEASHELLS,507.0,1
14008,764500,Camilla,Caesar,VOLCANIC_ROCK_VOUCHER_9750,SEASHELLS,502.0,11
14016,764700,Camilla,Caesar,VOLCANIC_ROCK_VOUCHER_9750,SEASHELLS,503.0,16
14025,765300,Camilla,Pablo,VOLCANIC_ROCK_VOUCHER_9750,SEASHELLS,502.0,9
14074,768900,Penelope,Camilla,VOLCANIC_ROCK_VOUCHER_9750,SEASHELLS,549.0,10
14101,769700,Camilla,Penelope,VOLCANIC_ROCK_VOUCHER_9750,SEASHELLS,542.0,17
14102,769700,Caesar,Penelope,VOLCANIC_ROCK_VOUCHER_9750,SEASHELLS,542.0,2
14113,769800,Camilla,Pablo,VOLCANIC_ROCK_VOUCHER_9750,SEASHELLS,539.0,7
14114,769800,Camilla,Penelope,VOLCANIC_ROCK_VOUCHER_9750,SEASHELLS,539.0,4
14137,770700,Camilla,Caesar,VOLCANIC_ROCK_VOUCHER_9750,SEASHELLS,536.0,12
14177,773400,Camilla,Caesar,VOLCANIC_ROCK_VOUCHER_9750,SEASHELLS,549.0,10
14178,773400,Caesar,Caesar,VOLCANIC_ROCK_VOUCHER_9750,SEASHELLS,549.0,2
14189,773600,Camilla,Caesar,VOLCANIC_ROCK_VOUCHER_9750,SEASHELLS,545.0,10
14190,773600,Penelope,Camilla,VOLCANIC_ROCK_VOUCHER_9750,SEASHELLS,546.0,12
14191,773600,Penelope,Caesar,VOLCANIC_ROCK_VOUCHER_9750,SEASHELLS,546.0,1
14204,774100,Camilla,Caesar,VOLCANIC_ROCK_VOUCHER_9750,SEASHELLS,543.0,17
14218,775100,Camilla,Caesar,VOLCANIC_ROCK_VOUCHER_9750,SEASHELLS,549.0,15
14258,777500,Camilla,Caesar,VOLCANIC_ROCK_VOUCHER_9750,SEASHELLS,533.0,12
14306,781300,Camilla,Caesar,VOLCANIC_ROCK_VOUCHER_9750,SEASHELLS,548.0,16
14311,781400,Camilla,Caesar,VOLCANIC_ROCK_VOUCHER_9750,SEASHELLS,547.0,18
14324,781700,Camilla,Caesar,VOLCANIC_ROCK_VOUCHER_9750,SEASHELLS,540.0,12
14325,781700,Caesar,Caesar,VOLCANIC_ROCK_VOUCHER_9750,SEASHELLS,540.0,2
14371,784700,Camilla,Caesar,VOLCANIC_ROCK_VOUCHER_9750,SEASHELLS,536.0,15
14372,784700,Caesar,Caesar,VOLCANIC_ROCK_VOUCHER_9750,SEASHELLS,536.0,1
14389,785500,Camilla,Caesar,VOLCANIC_ROCK_VOUCHER_9750,SEASHELLS,528.0,15
14396,785800,Camilla,Penelope,VOLCANIC_ROCK_VOUCHER_9750,SEASHELLS,528.0,13
14405,786100,Camilla,Penelope,VOLCANIC_ROCK_VOUCHER_9750,SEASHELLS,523.0,14
14433,787800,Camilla,Caesar,VOLCANIC_ROCK_VOUCHER_9750,SEASHELLS,519.0,15
14455,789500,Camilla,Caesar,VOLCANIC_ROCK_VOUCHER_9750,SEASHELLS,531.0,15
14464,789700,Camilla,Pablo,VOLCANIC_ROCK_VOUCHER_9750,SEASHELLS,531.0,6
14498,791600,Camilla,Caesar,VOLCANIC_ROCK_VOUCHER_9750,SEASHELLS,539.0,14
14499,791600,Caesar,Caesar,VOLCANIC_ROCK_VOUCHER_9750,SEASHELLS,539.0,2
14504,791700,Camilla,Pablo,VOLCANIC_ROCK_VOUCHER_9750,SEASHELLS,540.0,9
14515,792000,Camilla,Caesar,VOLCANIC_ROCK_VOUCHER_9750,SEASHELLS,539.0,10
14516,792000,Caesar,Caesar,VOLCANIC_ROCK_VOUCHER_9750,SEASHELLS,539.0,1
14534,793300,Camilla,Caesar,VOLCANIC_ROCK_VOUCHER_9750,SEASHELLS,534.0,10
14552,793600,Camilla,Caesar,VOLCANIC_ROCK_VOUCHER_9750,SEASHELLS,531.0,11
14553,793600,Caesar,Caesar,VOLCANIC_ROCK_VOUCHER_9750,SEASHELLS,531.0,2
14583,795700,Camilla,Caesar,VOLCANIC_ROCK_VOUCHER_9750,SEASHELLS,522.0,11
14584,795700,Caesar,Caesar,VOLCANIC_ROCK_VOUCHER_9750,SEASHELLS,522.0,1
14599,796300,Camilla,Caesar,VOLCANIC_ROCK_VOUCHER_9750,SEASHELLS,523.0,13
14609,796800,Camilla,Penelope,VOLCANIC_ROCK_VOUCHER_9750,SEASHELLS,525.0,11
14629,798000,Camilla,Caesar,VOLCANIC_ROCK_VOUCHER_9750,SEASHELLS,520.0,13
14630,798000,Caesar,Caesar,VOLCANIC_ROCK_VOUCHER_9750,SEASHELLS,520.0,2
14647,798500,Camilla,Caesar,VOLCANIC_ROCK_VOUCHER_9750,SEASHELLS,523.0,12
14655,799100,Camilla,Pablo,VOLCANIC_ROCK_VOUCHER_9750,SEASHELLS,531.0,7
14665,799400,Camilla,Penelope,VOLCANIC_ROCK_VOUCHER_9750,SEASHELLS,530.0,13
14682,800100,Camilla,Caesar,VOLCANIC_ROCK_VOUCHER_9750,SEASHELLS,530.0,14
14683,800100,Camilla,Penelope,VOLCANIC_ROCK_VOUCHER_9750,SEASHELLS,530.0,6
14701,802100,Camilla,Caesar,VOLCANIC_ROCK_VOUCHER_9750,SEASHELLS,522.0,13
14732,804300,Camilla,Caesar,VOLCANIC_ROCK_VOUCHER_9750,SEASHELLS,526.0,14
14733,804300,Caesar,Caesar,VOLCANIC_ROCK_VOUCHER_9750,SEASHELLS,526.0,1
14771,806700,Penelope,Camilla,VOLCANIC_ROCK_VOUCHER_9750,SEASHELLS,513.0,15
14772,806700,Penelope,Caesar,VOLCANIC_ROCK_VOUCHER_9750,SEASHELLS,513.0,1
14796,808000,Camilla,Caesar,VOLCANIC_ROCK_VOUCHER_9750,SEASHELLS,515.0,18
14819,809500,Camilla,Caesar,VOLCANIC_ROCK_VOUCHER_9750,SEASHELLS,512.0,17
14820,809500,Caesar,Caesar,VOLCANIC_ROCK_VOUCHER_9750,SEASHELLS,512.0,2
14844,810900,Camilla,Caesar,VOLCANIC_ROCK_VOUCHER_9750,SEASHELLS,516.0,12
14868,812800,Camilla,Caesar,VOLCANIC_ROCK_VOUCHER_9750,SEASHELLS,513.0,17
14881,813500,Camilla,Caesar,VOLCANIC_ROCK_VOUCHER_9750,SEASHELLS,511.0,16
14969,817900,Camilla,Caesar,VOLCANIC_ROCK_VOUCHER_9750,SEASHELLS,509.0,13
14995,819800,Pablo,Caesar,VOLCANIC_ROCK_VOUCHER_9750,SEASHELLS,531.0,1
14996,819800,Penelope,Camilla,VOLCANIC_ROCK_VOUCHER_9750,SEASHELLS,532.0,13
15014,820700,Camilla,Caesar,VOLCANIC_ROCK_VOUCHER_9750,SEASHELLS,530.0,13
15044,821900,Camilla,Caesar,VOLCANIC_ROCK_VOUCHER_9750,SEASHELLS,531.0,16
15045,821900,Caesar,Caesar,VOLCANIC_ROCK_VOUCHER_9750,SEASHELLS,531.0,1
15059,822300,Camilla,Pablo,VOLCANIC_ROCK_VOUCHER_9750,SEASHELLS,530.0,7
15075,822700,Camilla,Penelope,VOLCANIC_ROCK_VOUCHER_9750,SEASHELLS,536.0,10
15076,822700,Caesar,Penelope,VOLCANIC_ROCK_VOUCHER_9750,SEASHELLS,536.0,1
15101,824200,Camilla,Caesar,VOLCANIC_ROCK_VOUCHER_9750,SEASHELLS,539.0,13
15122,825700,Camilla,Caesar,VOLCANIC_ROCK_VOUCHER_9750,SEASHELLS,527.0,10
15136,826700,Camilla,Caesar,VOLCANIC_ROCK_VOUCHER_9750,SEASHELLS,525.0,14
15159,828400,Penelope,Camilla,VOLCANIC_ROCK_VOUCHER_9750,SEASHELLS,516.0,10
15160,828400,Penelope,Caesar,VOLCANIC_ROCK_VOUCHER_9750,SEASHELLS,516.0,2
15169,829000,Camilla,Caesar,VOLCANIC_ROCK_VOUCHER_9750,SEASHELLS,505.0,11
15180,830000,Camilla,Caesar,VOLCANIC_ROCK_VOUCHER_9750,SEASHELLS,500.0,13
15181,830000,Caesar,Caesar,VOLCANIC_ROCK_VOUCHER_9750,SEASHELLS,500.0,2
15228,832500,Camilla,Caesar,VOLCANIC_ROCK_VOUCHER_9750,SEASHELLS,500.0,15
15229,832500,Caesar,Caesar,VOLCANIC_ROCK_VOUCHER_9750,SEASHELLS,500.0,2
15260,834400,Camilla,Caesar,VOLCANIC_ROCK_VOUCHER_9750,SEASHELLS,484.0,13
15261,834400,Caesar,Caesar,VOLCANIC_ROCK_VOUCHER_9750,SEASHELLS,484.0,1
15278,835100,Penelope,Camilla,VOLCANIC_ROCK_VOUCHER_9750,SEASHELLS,469.0,17
15289,835400,Camilla,Caesar,VOLCANIC_ROCK_VOUCHER_9750,SEASHELLS,475.0,11
15290,835400,Caesar,Caesar,VOLCANIC_ROCK_VOUCHER_9750,SEASHELLS,475.0,1
15309,835900,Camilla,Pablo,VOLCANIC_ROCK_VOUCHER_9750,SEASHELLS,476.0,14
15310,835900,Caesar,Pablo,VOLCANIC_ROCK_VOUCHER_9750,SEASHELLS,476.0,1
15355,838900,Penelope,Camilla,VOLCANIC_ROCK_VOUCHER_9750,SEASHELLS,469.0,14
15384,839900,Camilla,Caesar,VOLCANIC_ROCK_VOUCHER_9750,SEASHELLS,476.0,12
15413,842400,Camilla,Caesar,VOLCANIC_ROCK_VOUCHER_9750,SEASHELLS,482.0,11
15452,844500,Camilla,Caesar,VOLCANIC_ROCK_VOUCHER_9750,SEASHELLS,491.0,10
15453,844500,Caesar,Caesar,VOLCANIC_ROCK_VOUCHER_9750,SEASHELLS,491.0,2
15462,845000,Penelope,Camilla,VOLCANIC_ROCK_VOUCHER_9750,SEASHELLS,493.0,13
15471,845100,Camilla,Caesar,VOLCANIC_ROCK_VOUCHER_9750,SEASHELLS,495.0,12
15472,845100,Caesar,Caesar,VOLCANIC_ROCK_VOUCHER_9750,SEASHELLS,495.0,1
15482,845400,Camilla,Caesar,VOLCANIC_ROCK_VOUCHER_9750,SEASHELLS,501.0,14
15491,845700,Camilla,Penelope,VOLCANIC_ROCK_VOUCHER_9750,SEASHELLS,507.0,12
15544,851000,Penelope,Camilla,VOLCANIC_ROCK_VOUCHER_9750,SEASHELLS,496.0,14
15578,852300,Camilla,Caesar,VOLCANIC_ROCK_VOUCHER_9750,SEASHELLS,495.0,14
15579,852300,Caesar,Caesar,VOLCANIC_ROCK_VOUCHER_9750,SEASHELLS,495.0,1
15580,852300,Pablo,Caesar,VOLCANIC_ROCK_VOUCHER_9750,SEASHELLS,495.0,1
15581,852300,Penelope,Camilla,VOLCANIC_ROCK_VOUCHER_9750,SEASHELLS,496.0,14
15582,852300,Penelope,Caesar,VOLCANIC_ROCK_VOUCHER_9750,SEASHELLS,496.0,1
15587,852600,Penelope,Camilla,VOLCANIC_ROCK_VOUCHER_9750,SEASHELLS,493.0,12
15614,853800,Camilla,Caesar,VOLCANIC_ROCK_VOUCHER_9750,SEASHELLS,482.0,12
15631,855100,Camilla,Caesar,VOLCANIC_ROCK_VOUCHER_9750,SEASHELLS,488.0,17
15646,855900,Camilla,Pablo,VOLCANIC_ROCK_VOUCHER_9750,SEASHELLS,488.0,10
15682,857800,Camilla,Pablo,VOLCANIC_ROCK_VOUCHER_9750,SEASHELLS,501.0,9
15707,858900,Camilla,Caesar,VOLCANIC_ROCK_VOUCHER_9750,SEASHELLS,491.0,11
15708,858900,Caesar,Caesar,VOLCANIC_ROCK_VOUCHER_9750,SEASHELLS,491.0,2
15719,859300,Penelope,Camilla,VOLCANIC_ROCK_VOUCHER_9750,SEASHELLS,496.0,14
15720,859300,Penelope,Caesar,VOLCANIC_ROCK_VOUCHER_9750,SEASHELLS,496.0,2
15738,860000,Camilla,Caesar,VOLCANIC_ROCK_VOUCHER_9750,SEASHELLS,503.0,12
15739,860000,Caesar,Caesar,VOLCANIC_ROCK_VOUCHER_9750,SEASHELLS,503.0,2
15763,861100,Penelope,Camilla,VOLCANIC_ROCK_VOUCHER_9750,SEASHELLS,503.0,14
15808,865000,Camilla,Caesar,VOLCANIC_ROCK_VOUCHER_9750,SEASHELLS,495.0,14
15815,865100,Camilla,Caesar,VOLCANIC_ROCK_VOUCHER_9750,SEASHELLS,500.0,11
15821,865200,Camilla,Caesar,VOLCANIC_ROCK_VOUCHER_9750,SEASHELLS,503.0,10
15852,867400,Camilla,Caesar,VOLCANIC_ROCK_VOUCHER_9750,SEASHELLS,502.0,10
15880,869100,Penelope,Camilla,VOLCANIC_ROCK_VOUCHER_9750,SEASHELLS,511.0,15
15890,869500,Camilla,Caesar,VOLCANIC_ROCK_VOUCHER_9750,SEASHELLS,517.0,12
15897,869600,Camilla,Penelope,VOLCANIC_ROCK_VOUCHER_9750,SEASHELLS,516.0,10
15910,870200,Camilla,Caesar,VOLCANIC_ROCK_VOUCHER_9750,SEASHELLS,516.0,13
15920,870500,Camilla,Caesar,VOLCANIC_ROCK_VOUCHER_9750,SEASHELLS,513.0,15
15964,872500,Camilla,Penelope,VOLCANIC_ROCK_VOUCHER_9750,SEASHELLS,521.0,14
15965,872500,Caesar,Penelope,VOLCANIC_ROCK_VOUCHER_9750,SEASHELLS,521.0,2
15983,873300,Penelope,Camilla,VOLCANIC_ROCK_VOUCHER_9750,SEASHELLS,525.0,13
16000,873800,Penelope,Camilla,VOLCANIC_ROCK_VOUCHER_9750,SEASHELLS,516.0,13
16001,873800,Penelope,Caesar,VOLCANIC_ROCK_VOUCHER_9750,SEASHELLS,516.0,1
16056,877900,Camilla,Caesar,VOLCANIC_ROCK_VOUCHER_9750,SEASHELLS,510.0,12
16057,877900,Caesar,Caesar,VOLCANIC_ROCK_VOUCHER_9750,SEASHELLS,510.0,2
16080,880200,Camilla,Caesar,VOLCANIC_ROCK_VOUCHER_9750,SEASHELLS,510.0,14
16081,880200,Caesar,Caesar,VOLCANIC_ROCK_VOUCHER_9750,SEASHELLS,510.0,2
16120,882200,Camilla,Pablo,VOLCANIC_ROCK_VOUCHER_9750,SEASHELLS,485.0,15
16134,882700,Camilla,Caesar,VOLCANIC_ROCK_VOUCHER_9750,SEASHELLS,487.0,11
16146,883300,Camilla,Caesar,VOLCANIC_ROCK_VOUCHER_9750,SEASHELLS,483.0,10
16156,883900,Penelope,Camilla,VOLCANIC_ROCK_VOUCHER_9750,SEASHELLS,485.0,12
16164,884300,Penelope,Camilla,VOLCANIC_ROCK_VOUCHER_9750,SEASHELLS,481.0,12
16194,886300,Camilla,Caesar,VOLCANIC_ROCK_VOUCHER_9750,SEASHELLS,484.0,12
16195,886300,Caesar,Caesar,VOLCANIC_ROCK_VOUCHER_9750,SEASHELLS,484.0,1
16227,888500,Penelope,Camilla,VOLCANIC_ROCK_VOUCHER_9750,SEASHELLS,483.0,12
16240,888700,Camilla,Caesar,VOLCANIC_ROCK_VOUCHER_9750,SEASHELLS,487.0,12
16241,888700,Caesar,Caesar,VOLCANIC_ROCK_VOUCHER_9750,SEASHELLS,487.0,2
16263,889900,Camilla,Caesar,VOLCANIC_ROCK_VOUCHER_9750,SEASHELLS,498.0,15
16275,890800,Camilla,Penelope,VOLCANIC_ROCK_VOUCHER_9750,SEASHELLS,495.0,12
16283,891000,Camilla,Penelope,VOLCANIC_ROCK_VOUCHER_9750,SEASHELLS,494.0,10
16292,891300,Camilla,Caesar,VOLCANIC_ROCK_VOUCHER_9750,SEASHELLS,498.0,12
16327,893000,Camilla,Caesar,VOLCANIC_ROCK_VOUCHER_9750,SEASHELLS,510.0,11
16356,895300,Camilla,Penelope,VOLCANIC_ROCK_VOUCHER_9750,SEASHELLS,509.0,12
16403,898600,Camilla,Caesar,VOLCANIC_ROCK_VOUCHER_9750,SEASHELLS,484.0,12
16418,899600,Penelope,Camilla,VOLCANIC_ROCK_VOUCHER_9750,SEASHELLS,481.0,15
16449,901600,Camilla,Caesar,VOLCANIC_ROCK_VOUCHER_9750,SEASHELLS,478.0,12
16450,901600,Caesar,Caesar,VOLCANIC_ROCK_VOUCHER_9750,SEASHELLS,478.0,1
16469,903300,Camilla,Caesar,VOLCANIC_ROCK_VOUCHER_9750,SEASHELLS,479.0,17
16498,904500,Camilla,Caesar,VOLCANIC_ROCK_VOUCHER_9750,SEASHELLS,485.0,15
16499,904500,Caesar,Caesar,VOLCANIC_ROCK_VOUCHER_9750,SEASHELLS,485.0,2
16540,906900,Camilla,Caesar,VOLCANIC_ROCK_VOUCHER_9750,SEASHELLS,469.0,14
16601,912000,Camilla,Penelope,VOLCANIC_ROCK_VOUCHER_9750,SEASHELLS,440.0,17
16616,913100,Camilla,Caesar,VOLCANIC_ROCK_VOUCHER_9750,SEASHELLS,443.0,11
16635,913800,Camilla,Caesar,VOLCANIC_ROCK_VOUCHER_9750,SEASHELLS,448.0,15
16654,914300,Penelope,Camilla,VOLCANIC_ROCK_VOUCHER_9750,SEASHELLS,451.0,13
16680,915500,Camilla,Caesar,VOLCANIC_ROCK_VOUCHER_9750,SEASHELLS,454.0,10
16681,915500,Pablo,Caesar,VOLCANIC_ROCK_VOUCHER_9750,SEASHELLS,454.0,7
16710,916900,Camilla,Penelope,VOLCANIC_ROCK_VOUCHER_9750,SEASHELLS,449.0,13
16711,916900,Caesar,Penelope,VOLCANIC_ROCK_VOUCHER_9750,SEASHELLS,449.0,1
16726,917500,Camilla,Caesar,VOLCANIC_ROCK_VOUCHER_9750,SEASHELLS,441.0,14
16727,917500,Caesar,Caesar,VOLCANIC_ROCK_VOUCHER_9750,SEASHELLS,441.0,2
16752,919600,Camilla,Penelope,VOLCANIC_ROCK_VOUCHER_9750,SEASHELLS,447.0,17
16760,920200,Penelope,Camilla,VOLCANIC_ROCK_VOUCHER_9750,SEASHELLS,451.0,10
16785,921800,Penelope,Camilla,VOLCANIC_ROCK_VOUCHER_9750,SEASHELLS,462.0,14
16801,922400,Camilla,Pablo,VOLCANIC_ROCK_VOUCHER_9750,SEASHELLS,460.0,7
16806,922500,Camilla,Pablo,VOLCANIC_ROCK_VOUCHER_9750,SEASHELLS,463.0,12
16814,922800,Camilla,Penelope,VOLCANIC_ROCK_VOUCHER_9750,SEASHELLS,461.0,15
16836,924200,Camilla,Caesar,VOLCANIC_ROCK_VOUCHER_9750,SEASHELLS,456.0,13
16837,924200,Caesar,Caesar,VOLCANIC_ROCK_VOUCHER_9750,SEASHELLS,456.0,1
16841,924400,Penelope,Camilla,VOLCANIC_ROCK_VOUCHER_9750,SEASHELLS,458.0,13
16875,926600,Camilla,Caesar,VOLCANIC_ROCK_VOUCHER_9750,SEASHELLS,451.0,13
16895,927700,Penelope,Camilla,VOLCANIC_ROCK_VOUCHER_9750,SEASHELLS,462.0,15
16896,927700,Penelope,Caesar,VOLCANIC_ROCK_VOUCHER_9750,SEASHELLS,462.0,1
16911,928100,Camilla,Caesar,VOLCANIC_ROCK_VOUCHER_9750,SEASHELLS,463.0,15
16912,928100,Caesar,Caesar,VOLCANIC_ROCK_VOUCHER_9750,SEASHELLS,463.0,2
16922,928300,Penelope,Camilla,VOLCANIC_ROCK_VOUCHER_9750,SEASHELLS,466.0,10
16923,928300,Penelope,Caesar,VOLCANIC_ROCK_VOUCHER_9750,SEASHELLS,466.0,2
16979,931700,Camilla,Caesar,VOLCANIC_ROCK_VOUCHER_9750,SEASHELLS,443.0,15
17002,932700,Camilla,Caesar,VOLCANIC_ROCK_VOUCHER_9750,SEASHELLS,440.0,15
17027,933300,Camilla,Penelope,VOLCANIC_ROCK_VOUCHER_9750,SEASHELLS,448.0,13
17028,933300,Caesar,Penelope,VOLCANIC_ROCK_VOUCHER_9750,SEASHELLS,448.0,2
17033,933600,Camilla,Caesar,VOLCANIC_ROCK_VOUCHER_9750,SEASHELLS,451.0,10
17046,934000,Camilla,Pablo,VOLCANIC_ROCK_VOUCHER_9750,SEASHELLS,449.0,8
17050,934200,Penelope,Camilla,VOLCANIC_ROCK_VOUCHER_9750,SEASHELLS,445.0,18
17056,934300,Camilla,Caesar,VOLCANIC_ROCK_VOUCHER_9750,SEASHELLS,445.0,12
17065,934900,Penelope,Camilla,VOLCANIC_ROCK_VOUCHER_9750,SEASHELLS,455.0,18
17098,936600,Camilla,Penelope,VOLCANIC_ROCK_VOUCHER_9750,SEASHELLS,465.0,14
17108,937300,Camilla,Penelope,VOLCANIC_ROCK_VOUCHER_9750,SEASHELLS,464.0,16
17125,937900,Camilla,Caesar,VOLCANIC_ROCK_VOUCHER_9750,SEASHELLS,470.0,17
17146,939000,Camilla,Caesar,VOLCANIC_ROCK_VOUCHER_9750,SEASHELLS,474.0,13
17177,940800,Camilla,Caesar,VOLCANIC_ROCK_VOUCHER_9750,SEASHELLS,473.0,11
17178,940800,Caesar,Caesar,VOLCANIC_ROCK_VOUCHER_9750,SEASHELLS,473.0,1
17200,942300,Camilla,Penelope,VOLCANIC_ROCK_VOUCHER_9750,SEASHELLS,468.0,10
17212,942600,Camilla,Caesar,VOLCANIC_ROCK_VOUCHER_9750,SEASHELLS,463.0,11
17234,943800,Camilla,Caesar,VOLCANIC_ROCK_VOUCHER_9750,SEASHELLS,463.0,11
17265,946300,Camilla,Caesar,VOLCANIC_ROCK_VOUCHER_9750,SEASHELLS,463.0,20
17276,947000,Camilla,Caesar,VOLCANIC_ROCK_VOUCHER_9750,SEASHELLS,466.0,13
17277,947000,Caesar,Caesar,VOLCANIC_ROCK_VOUCHER_9750,SEASHELLS,466.0,1
17285,947300,Camilla,Penelope,VOLCANIC_ROCK_VOUCHER_9750,SEASHELLS,461.0,15
17286,947300,Caesar,Penelope,VOLCANIC_ROCK_VOUCHER_9750,SEASHELLS,461.0,2
17329,949600,Camilla,Penelope,VOLCANIC_ROCK_VOUCHER_9750,SEASHELLS,484.0,11
17336,949900,Camilla,Caesar,VOLCANIC_ROCK_VOUCHER_9750,SEASHELLS,482.0,11
17362,951000,Camilla,Caesar,VOLCANIC_ROCK_VOUCHER_9750,SEASHELLS,483.0,10
17363,951000,Caesar,Caesar,VOLCANIC_ROCK_VOUCHER_9750,SEASHELLS,483.0,2
17385,952400,Camilla,Caesar,VOLCANIC_ROCK_VOUCHER_9750,SEASHELLS,483.0,17
17415,954500,Camilla,Caesar,VOLCANIC_ROCK_VOUCHER_9750,SEASHELLS,486.0,15
17476,959500,Camilla,Caesar,VOLCANIC_ROCK_VOUCHER_9750,SEASHELLS,460.0,12
17483,959900,Camilla,Caesar,VOLCANIC_ROCK_VOUCHER_9750,SEASHELLS,463.0,16
17492,960500,Pablo,Camilla,VOLCANIC_ROCK_VOUCHER_9750,SEASHELLS,462.0,13
17500,960600,Camilla,Pablo,VOLCANIC_ROCK_VOUCHER_9750,SEASHELLS,463.0,9
17507,960700,Camilla,Caesar,VOLCANIC_ROCK_VOUCHER_9750,SEASHELLS,461.0,11
17508,960700,Penelope,Caesar,VOLCANIC_ROCK_VOUCHER_9750,SEASHELLS,461.0,4
17524,961600,Camilla,Caesar,VOLCANIC_ROCK_VOUCHER_9750,SEASHELLS,457.0,12
17552,963500,Camilla,Caesar,VOLCANIC_ROCK_VOUCHER_9750,SEASHELLS,458.0,17
17575,965400,Camilla,Caesar,VOLCANIC_ROCK_VOUCHER_9750,SEASHELLS,463.0,13
17576,965400,Caesar,Caesar,VOLCANIC_ROCK_VOUCHER_9750,SEASHELLS,463.0,1
17597,966400,Camilla,Pablo,VOLCANIC_ROCK_VOUCHER_9750,SEASHELLS,458.0,8
17610,967300,Penelope,Camilla,VOLCANIC_ROCK_VOUCHER_9750,SEASHELLS,453.0,11
17669,971600,Camilla,Caesar,VOLCANIC_ROCK_VOUCHER_9750,SEASHELLS,451.0,14
17670,971600,Caesar,Caesar,VOLCANIC_ROCK_VOUCHER_9750,SEASHELLS,451.0,1
17695,972800,Camilla,Pablo,VOLCANIC_ROCK_VOUCHER_9750,SEASHELLS,457.0,11
17705,973000,Camilla,Caesar,VOLCANIC_ROCK_VOUCHER_9750,SEASHELLS,454.0,16
17706,973000,Caesar,Caesar,VOLCANIC_ROCK_VOUCHER_9750,SEASHELLS,454.0,2
17727,973700,Camilla,Caesar,VOLCANIC_ROCK_VOUCHER_9750,SEASHELLS,454.0,12
17735,973800,Camilla,Caesar,VOLCANIC_ROCK_VOUCHER_9750,SEASHELLS,451.0,13
17755,974300,Camilla,Pablo,VOLCANIC_ROCK_VOUCHER_9750,SEASHELLS,455.0,14
17756,974300,Caesar,Pablo,VOLCANIC_ROCK_VOUCHER_9750,SEASHELLS,455.0,1
17762,974500,Camilla,Caesar,VOLCANIC_ROCK_VOUCHER_9750,SEASHELLS,456.0,10
17774,974800,Camilla,Caesar,VOLCANIC_ROCK_VOUCHER_9750,SEASHELLS,457.0,18
17775,974800,Caesar,Caesar,VOLCANIC_ROCK_VOUCHER_9750,SEASHELLS,457.0,2
17788,975500,Camilla,Caesar,VOLCANIC_ROCK_VOUCHER_9750,SEASHELLS,453.0,13
17789,975500,Caesar,Caesar,VOLCANIC_ROCK_VOUCHER_9750,SEASHELLS,453.0,2
17813,976100,Camilla,Caesar,VOLCANIC_ROCK_VOUCHER_9750,SEASHELLS,449.0,14
17814,976100,Caesar,Caesar,VOLCANIC_ROCK_VOUCHER_9750,SEASHELLS,449.0,2
17831,977000,Camilla,Caesar,VOLCANIC_ROCK_VOUCHER_9750,SEASHELLS,452.0,18
17837,977100,Camilla,Pablo,VOLCANIC_ROCK_VOUCHER_9750,SEASHELLS,454.0,12
17849,977900,Penelope,Camilla,VOLCANIC_ROCK_VOUCHER_9750,SEASHELLS,456.0,10
17871,978800,Camilla,Caesar,VOLCANIC_ROCK_VOUCHER_9750,SEASHELLS,457.0,15
17907,981100,Camilla,Caesar,VOLCANIC_ROCK_VOUCHER_9750,SEASHELLS,442.0,16
17918,981400,Camilla,Caesar,VOLCANIC_ROCK_VOUCHER_9750,SEASHELLS,446.0,14
17919,981400,Caesar,Caesar,VOLCANIC_ROCK_VOUCHER_9750,SEASHELLS,446.0,2
17973,984800,Camilla,Caesar,VOLCANIC_ROCK_VOUCHER_9750,SEASHELLS,454.0,11
18002,986700,Camilla,Caesar,VOLCANIC_ROCK_VOUCHER_9750,SEASHELLS,444.0,15
18016,987700,Camilla,Penelope,VOLCANIC_ROCK_VOUCHER_9750,SEASHELLS,438.0,12
18017,987700,Caesar,Penelope,VOLCANIC_ROCK_VOUCHER_9750,SEASHELLS,438.0,2
18022,987900,Penelope,Camilla,VOLCANIC_ROCK_VOUCHER_9750,SEASHELLS,440.0,10
18027,988200,Penelope,Camilla,VOLCANIC_ROCK_VOUCHER_9750,SEASHELLS,434.0,14
18081,992700,Camilla,Caesar,VOLCANIC_ROCK_VOUCHER_9750,SEASHELLS,429.0,11
18082,992700,Caesar,Caesar,VOLCANIC_ROCK_VOUCHER_9750,SEASHELLS,429.0,1
18110,994100,Caesar,Caesar,VOLCANIC_ROCK_VOUCHER_9750,SEASHELLS,437.0,2
18111,994100,Pablo,Caesar,VOLCANIC_ROCK_VOUCHER_9750,SEASHELLS,437.0,11
18122,994600,Camilla,Caesar,VOLCANIC_ROCK_VOUCHER_9750,SEASHELLS,435.0,11
18134,995200,Camilla,Pablo,VOLCANIC_ROCK_VOUCHER_9750,SEASHELLS,427.0,8
18142,995400,Camilla,Pablo,VOLCANIC_ROCK_VOUCHER_9750,SEASHELLS,429.0,14
18151,995800,Camilla,Caesar,VOLCANIC_ROCK_VOUCHER_9750,SEASHELLS,430.0,13
18179,997100,Camilla,Caesar,VOLCANIC_ROCK_VOUCHER_9750,SEASHELLS,427.0,13
18180,997100,Caesar,Caesar,VOLCANIC_ROCK_VOUCHER_9750,SEASHELLS,427.0,1
18190,997200,Camilla,Caesar,VOLCANIC_ROCK_VOUCHER_9750,SEASHELLS,425.0,17
18191,997200,Caesar,Caesar,VOLCANIC_ROCK_VOUCHER_9750,SEASHELLS,425.0,1
18213,997800,Camilla,Caesar,VOLCANIC_ROCK_VOUCHER_9750,SEASHELLS,424.0,13
18231,998400,Camilla,Caesar,VOLCANIC_ROCK_VOUCHER_9750,SEASHELLS,422.0,11
18247,999500,Camilla,Pablo,VOLCANIC_ROCK_VOUCHER_9750,SEASHELLS,418.0,15
19,1000800,Camilla,Pablo,VOLCANIC_ROCK_VOUCHER_9750,SEASHELLS,420.0,15
41,1001700,Penelope,Camilla,VOLCANIC_ROCK_VOUCHER_9750,SEASHELLS,427.0,13
76,1003700,Camilla,Caesar,VOLCANIC_ROCK_VOUCHER_9750,SEASHELLS,413.0,10
77,1003700,Caesar,Caesar,VOLCANIC_ROCK_VOUCHER_9750,SEASHELLS,413.0,2
149,1009000,Camilla,Caesar,VOLCANIC_ROCK_VOUCHER_9750,SEASHELLS,414.0,19
150,1009000,Caesar,Caesar,VOLCANIC_ROCK_VOUCHER_9750,SEASHELLS,414.0,1
165,1009600,Camilla,Caesar,VOLCANIC_ROCK_VOUCHER_9750,SEASHELLS,413.0,11
170,1009800,Camilla,Caesar,VOLCANIC_ROCK_VOUCHER_9750,SEASHELLS,414.0,14
190,1011400,Penelope,Camilla,VOLCANIC_ROCK_VOUCHER_9750,SEASHELLS,410.0,10
214,1012400,Camilla,Pablo,VOLCANIC_ROCK_VOUCHER_9750,SEASHELLS,364.0,11
229,1013300,Penelope,Camilla,VOLCANIC_ROCK_VOUCHER_9750,SEASHELLS,373.0,11
242,1013900,Camilla,Caesar,VOLCANIC_ROCK_VOUCHER_9750,SEASHELLS,382.0,16
243,1013900,Caesar,Caesar,VOLCANIC_ROCK_VOUCHER_9750,SEASHELLS,382.0,1
251,1014200,Camilla,Caesar,VOLCANIC_ROCK_VOUCHER_9750,SEASHELLS,379.0,12
277,1015400,Camilla,Pablo,VOLCANIC_ROCK_VOUCHER_9750,SEASHELLS,384.0,6
307,1017200,Camilla,Caesar,VOLCANIC_ROCK_VOUCHER_9750,SEASHELLS,390.0,16
308,1017200,Caesar,Caesar,VOLCANIC_ROCK_VOUCHER_9750,SEASHELLS,390.0,2
334,1019300,Camilla,Caesar,VOLCANIC_ROCK_VOUCHER_9750,SEASHELLS,388.0,11
375,1022300,Camilla,Pablo,VOLCANIC_ROCK_VOUCHER_9750,SEASHELLS,393.0,12
382,1022500,Camilla,Pablo,VOLCANIC_ROCK_VOUCHER_9750,SEASHELLS,392.0,7
393,1022600,Camilla,Caesar,VOLCANIC_ROCK_VOUCHER_9750,SEASHELLS,393.0,13
394,1022600,Caesar,Caesar,VOLCANIC_ROCK_VOUCHER_9750,SEASHELLS,393.0,1
414,1024000,Camilla,Caesar,VOLCANIC_ROCK_VOUCHER_9750,SEASHELLS,394.0,16
456,1026200,Camilla,Caesar,VOLCANIC_ROCK_VOUCHER_9750,SEASHELLS,389.0,12
457,1026200,Caesar,Caesar,VOLCANIC_ROCK_VOUCHER_9750,SEASHELLS,389.0,1
469,1026600,Camilla,Pablo,VOLCANIC_ROCK_VOUCHER_9750,SEASHELLS,389.0,7
484,1027300,Camilla,Caesar,VOLCANIC_ROCK_VOUCHER_9750,SEASHELLS,396.0,13
501,1028000,Camilla,Caesar,VOLCANIC_ROCK_VOUCHER_9750,SEASHELLS,404.0,11
502,1028000,Camilla,Penelope,VOLCANIC_ROCK_VOUCHER_9750,SEASHELLS,404.0,3
503,1028000,Caesar,Penelope,VOLCANIC_ROCK_VOUCHER_9750,SEASHELLS,404.0,1
525,1029300,Camilla,Caesar,VOLCANIC_ROCK_VOUCHER_9750,SEASHELLS,406.0,14
530,1029500,Camilla,Pablo,VOLCANIC_ROCK_VOUCHER_9750,SEASHELLS,408.0,8
550,1030400,Camilla,Penelope,VOLCANIC_ROCK_VOUCHER_9750,SEASHELLS,401.0,16
551,1030400,Caesar,Penelope,VOLCANIC_ROCK_VOUCHER_9750,SEASHELLS,401.0,1
565,1030800,Camilla,Caesar,VOLCANIC_ROCK_VOUCHER_9750,SEASHELLS,395.0,17
566,1030800,Caesar,Caesar,VOLCANIC_ROCK_VOUCHER_9750,SEASHELLS,395.0,2
577,1031100,Camilla,Pablo,VOLCANIC_ROCK_VOUCHER_9750,SEASHELLS,389.0,6
623,1033900,Camilla,Penelope,VOLCANIC_ROCK_VOUCHER_9750,SEASHELLS,384.0,14
645,1035000,Camilla,Caesar,VOLCANIC_ROCK_VOUCHER_9750,SEASHELLS,378.0,13
652,1035400,Camilla,Caesar,VOLCANIC_ROCK_VOUCHER_9750,SEASHELLS,385.0,14
662,1035800,Camilla,Penelope,VOLCANIC_ROCK_VOUCHER_9750,SEASHELLS,380.0,16
663,1035800,Caesar,Penelope,VOLCANIC_ROCK_VOUCHER_9750,SEASHELLS,380.0,2
674,1036500,Camilla,Pablo,VOLCANIC_ROCK_VOUCHER_9750,SEASHELLS,383.0,6
684,1037000,Camilla,Pablo,VOLCANIC_ROCK_VOUCHER_9750,SEASHELLS,380.0,6
696,1037200,Camilla,Caesar,VOLCANIC_ROCK_VOUCHER_9750,SEASHELLS,382.0,15
697,1037200,Camilla,Pablo,VOLCANIC_ROCK_VOUCHER_9750,SEASHELLS,382.0,4
737,1040200,Camilla,Penelope,VOLCANIC_ROCK_VOUCHER_9750,SEASHELLS,382.0,13
766,1041700,Camilla,Caesar,VOLCANIC_ROCK_VOUCHER_9750,SEASHELLS,385.0,13
767,1041700,Caesar,Caesar,VOLCANIC_ROCK_VOUCHER_9750,SEASHELLS,385.0,2
792,1042600,Camilla,Caesar,VOLCANIC_ROCK_VOUCHER_9750,SEASHELLS,384.0,11
793,1042600,Caesar,Caesar,VOLCANIC_ROCK_VOUCHER_9750,SEASHELLS,384.0,1
794,1042600,Penelope,Caesar,VOLCANIC_ROCK_VOUCHER_9750,SEASHELLS,384.0,5
802,1043000,Camilla,Penelope,VOLCANIC_ROCK_VOUCHER_9750,SEASHELLS,383.0,15
826,1044000,Camilla,Caesar,VOLCANIC_ROCK_VOUCHER_9750,SEASHELLS,391.0,12
827,1044000,Caesar,Caesar,VOLCANIC_ROCK_VOUCHER_9750,SEASHELLS,391.0,1
836,1044200,Camilla,Pablo,VOLCANIC_ROCK_VOUCHER_9750,SEASHELLS,394.0,12
848,1044400,Camilla,Pablo,VOLCANIC_ROCK_VOUCHER_9750,SEASHELLS,400.0,10
849,1044400,Caesar,Pablo,VOLCANIC_ROCK_VOUCHER_9750,SEASHELLS,400.0,2
873,1045300,Camilla,Caesar,VOLCANIC_ROCK_VOUCHER_9750,SEASHELLS,382.0,17
874,1045300,Caesar,Caesar,VOLCANIC_ROCK_VOUCHER_9750,SEASHELLS,382.0,1
889,1045700,Camilla,Pablo,VOLCANIC_ROCK_VOUCHER_9750,SEASHELLS,382.0,11
890,1045700,Caesar,Pablo,VOLCANIC_ROCK_VOUCHER_9750,SEASHELLS,382.0,2
897,1046000,Penelope,Camilla,VOLCANIC_ROCK_VOUCHER_9750,SEASHELLS,387.0,12
904,1046200,Penelope,Camilla,VOLCANIC_ROCK_VOUCHER_9750,SEASHELLS,391.0,16
940,1048900,Penelope,Camilla,VOLCANIC_ROCK_VOUCHER_9750,SEASHELLS,404.0,12
947,1049200,Camilla,Penelope,VOLCANIC_ROCK_VOUCHER_9750,SEASHELLS,406.0,14
948,1049200,Caesar,Penelope,VOLCANIC_ROCK_VOUCHER_9750,SEASHELLS,406.0,1
987,1051900,Camilla,Caesar,VOLCANIC_ROCK_VOUCHER_9750,SEASHELLS,405.0,10
999,1052100,Camilla,Caesar,VOLCANIC_ROCK_VOUCHER_9750,SEASHELLS,408.0,13
1000,1052100,Caesar,Caesar,VOLCANIC_ROCK_VOUCHER_9750,SEASHELLS,408.0,2
1020,1052800,Camilla,Caesar,VOLCANIC_ROCK_VOUCHER_9750,SEASHELLS,403.0,12
1021,1052800,Caesar,Caesar,VOLCANIC_ROCK_VOUCHER_9750,SEASHELLS,403.0,2
1032,1053700,Penelope,Camilla,VOLCANIC_ROCK_VOUCHER_9750,SEASHELLS,406.0,13
1048,1054700,Camilla,Caesar,VOLCANIC_ROCK_VOUCHER_9750,SEASHELLS,406.0,11
1049,1054700,Caesar,Caesar,VOLCANIC_ROCK_VOUCHER_9750,SEASHELLS,406.0,1
1077,1056000,Camilla,Pablo,VOLCANIC_ROCK_VOUCHER_9750,SEASHELLS,390.0,7
1085,1056200,Camilla,Caesar,VOLCANIC_ROCK_VOUCHER_9750,SEASHELLS,390.0,12
1095,1057100,Penelope,Camilla,VOLCANIC_ROCK_VOUCHER_9750,SEASHELLS,392.0,11
1109,1057400,Camilla,Caesar,VOLCANIC_ROCK_VOUCHER_9750,SEASHELLS,395.0,13
1110,1057400,Caesar,Caesar,VOLCANIC_ROCK_VOUCHER_9750,SEASHELLS,395.0,2
1139,1059700,Camilla,Penelope,VOLCANIC_ROCK_VOUCHER_9750,SEASHELLS,406.0,16
1186,1062700,Camilla,Penelope,VOLCANIC_ROCK_VOUCHER_9750,SEASHELLS,410.0,14
1223,1064900,Camilla,Caesar,VOLCANIC_ROCK_VOUCHER_9750,SEASHELLS,407.0,10
1240,1065800,Camilla,Penelope,VOLCANIC_ROCK_VOUCHER_9750,SEASHELLS,403.0,14
1241,1065800,Caesar,Penelope,VOLCANIC_ROCK_VOUCHER_9750,SEASHELLS,403.0,2
1253,1065900,Camilla,Caesar,VOLCANIC_ROCK_VOUCHER_9750,SEASHELLS,404.0,11
1254,1065900,Caesar,Caesar,VOLCANIC_ROCK_VOUCHER_9750,SEASHELLS,404.0,1
1268,1066500,Camilla,Caesar,VOLCANIC_ROCK_VOUCHER_9750,SEASHELLS,401.0,15
1269,1066500,Caesar,Caesar,VOLCANIC_ROCK_VOUCHER_9750,SEASHELLS,401.0,1
1297,1068600,Penelope,Camilla,VOLCANIC_ROCK_VOUCHER_9750,SEASHELLS,405.0,13
1298,1068600,Penelope,Caesar,VOLCANIC_ROCK_VOUCHER_9750,SEASHELLS,405.0,1
1319,1070000,Penelope,Camilla,VOLCANIC_ROCK_VOUCHER_9750,SEASHELLS,410.0,16
1320,1070000,Penelope,Caesar,VOLCANIC_ROCK_VOUCHER_9750,SEASHELLS,410.0,2
1329,1070200,Camilla,Caesar,VOLCANIC_ROCK_VOUCHER_9750,SEASHELLS,413.0,14
1330,1070200,Caesar,Caesar,VOLCANIC_ROCK_VOUCHER_9750,SEASHELLS,413.0,2
1348,1071500,Camilla,Penelope,VOLCANIC_ROCK_VOUCHER_9750,SEASHELLS,410.0,11
1363,1072700,Penelope,Camilla,VOLCANIC_ROCK_VOUCHER_9750,SEASHELLS,410.0,11
1376,1072900,Camilla,Pablo,VOLCANIC_ROCK_VOUCHER_9750,SEASHELLS,412.0,6
1379,1073000,Penelope,Camilla,VOLCANIC_ROCK_VOUCHER_9750,SEASHELLS,418.0,10
1384,1073100,Camilla,Caesar,VOLCANIC_ROCK_VOUCHER_9750,SEASHELLS,415.0,10
1401,1074300,Camilla,Pablo,VOLCANIC_ROCK_VOUCHER_9750,SEASHELLS,418.0,8
1408,1074900,Camilla,Penelope,VOLCANIC_ROCK_VOUCHER_9750,SEASHELLS,418.0,14
1432,1077100,Camilla,Caesar,VOLCANIC_ROCK_VOUCHER_9750,SEASHELLS,406.0,11
1448,1078900,Camilla,Caesar,VOLCANIC_ROCK_VOUCHER_9750,SEASHELLS,399.0,13
1455,1079400,Camilla,Penelope,VOLCANIC_ROCK_VOUCHER_9750,SEASHELLS,405.0,16
1464,1079500,Camilla,Caesar,VOLCANIC_ROCK_VOUCHER_9750,SEASHELLS,404.0,13
1465,1079500,Caesar,Caesar,VOLCANIC_ROCK_VOUCHER_9750,SEASHELLS,404.0,1
1473,1079700,Camilla,Caesar,VOLCANIC_ROCK_VOUCHER_9750,SEASHELLS,404.0,13
1481,1079900,Camilla,Caesar,VOLCANIC_ROCK_VOUCHER_9750,SEASHELLS,405.0,11
1522,1082800,Camilla,Caesar,VOLCANIC_ROCK_VOUCHER_9750,SEASHELLS,409.0,14
1523,1082800,Caesar,Caesar,VOLCANIC_ROCK_VOUCHER_9750,SEASHELLS,409.0,2
1538,1083100,Camilla,Caesar,VOLCANIC_ROCK_VOUCHER_9750,SEASHELLS,415.0,12
1550,1083600,Camilla,Caesar,VOLCANIC_ROCK_VOUCHER_9750,SEASHELLS,416.0,13
1569,1085200,Camilla,Caesar,VOLCANIC_ROCK_VOUCHER_9750,SEASHELLS,416.0,16
1619,1088800,Camilla,Caesar,VOLCANIC_ROCK_VOUCHER_9750,SEASHELLS,427.0,17
1620,1088800,Caesar,Caesar,VOLCANIC_ROCK_VOUCHER_9750,SEASHELLS,427.0,2
1632,1089400,Camilla,Caesar,VOLCANIC_ROCK_VOUCHER_9750,SEASHELLS,430.0,14
1638,1089500,Camilla,Caesar,VOLCANIC_ROCK_VOUCHER_9750,SEASHELLS,428.0,12
1654,1090100,Camilla,Pablo,VOLCANIC_ROCK_VOUCHER_9750,SEASHELLS,426.0,11
1681,1091300,Camilla,Pablo,VOLCANIC_ROCK_VOUCHER_9750,SEASHELLS,426.0,12
1682,1091300,Caesar,Pablo,VOLCANIC_ROCK_VOUCHER_9750,SEASHELLS,426.0,1
1702,1091800,Camilla,Caesar,VOLCANIC_ROCK_VOUCHER_9750,SEASHELLS,426.0,13
1703,1091800,Caesar,Caesar,VOLCANIC_ROCK_VOUCHER_9750,SEASHELLS,426.0,1
1763,1096700,Camilla,Caesar,VOLCANIC_ROCK_VOUCHER_9750,SEASHELLS,427.0,19
1764,1096700,Caesar,Caesar,VOLCANIC_ROCK_VOUCHER_9750,SEASHELLS,427.0,1
1773,1097200,Camilla,Caesar,VOLCANIC_ROCK_VOUCHER_9750,SEASHELLS,429.0,12
1786,1097600,Camilla,Penelope,VOLCANIC_ROCK_VOUCHER_9750,SEASHELLS,429.0,18
1806,1098500,Camilla,Caesar,VOLCANIC_ROCK_VOUCHER_9750,SEASHELLS,431.0,15
1821,1099300,Camilla,Pablo,VOLCANIC_ROCK_VOUCHER_9750,SEASHELLS,425.0,10
1832,1099900,Camilla,Caesar,VOLCANIC_ROCK_VOUCHER_9750,SEASHELLS,427.0,10
1855,1101100,Camilla,Caesar,VOLCANIC_ROCK_VOUCHER_9750,SEASHELLS,424.0,16
1877,1101900,Camilla,Caesar,VOLCANIC_ROCK_VOUCHER_9750,SEASHELLS,419.0,18
1878,1101900,Caesar,Caesar,VOLCANIC_ROCK_VOUCHER_9750,SEASHELLS,419.0,1
1890,1102400,Camilla,Penelope,VOLCANIC_ROCK_VOUCHER_9750,SEASHELLS,424.0,11
1891,1102400,Caesar,Penelope,VOLCANIC_ROCK_VOUCHER_9750,SEASHELLS,424.0,2
1898,1102500,Camilla,Penelope,VOLCANIC_ROCK_VOUCHER_9750,SEASHELLS,426.0,14
1899,1102500,Caesar,Penelope,VOLCANIC_ROCK_VOUCHER_9750,SEASHELLS,426.0,1
1900,1102500,Caesar,Penelope,VOLCANIC_ROCK_VOUCHER_9750,SEASHELLS,426.0,3
1929,1103900,Camilla,Caesar,VOLCANIC_ROCK_VOUCHER_9750,SEASHELLS,423.0,18
1944,1104600,Camilla,Caesar,VOLCANIC_ROCK_VOUCHER_9750,SEASHELLS,417.0,13
1964,1105800,Camilla,Caesar,VOLCANIC_ROCK_VOUCHER_9750,SEASHELLS,415.0,16
1976,1106000,Camilla,Caesar,VOLCANIC_ROCK_VOUCHER_9750,SEASHELLS,416.0,13
1977,1106000,Caesar,Caesar,VOLCANIC_ROCK_VOUCHER_9750,SEASHELLS,416.0,1
1995,1106900,Camilla,Pablo,VOLCANIC_ROCK_VOUCHER_9750,SEASHELLS,421.0,12
2038,1109900,Camilla,Penelope,VOLCANIC_ROCK_VOUCHER_9750,SEASHELLS,417.0,15
2039,1109900,Caesar,Penelope,VOLCANIC_ROCK_VOUCHER_9750,SEASHELLS,417.0,1
2046,1110200,Camilla,Caesar,VOLCANIC_ROCK_VOUCHER_9750,SEASHELLS,417.0,16
2062,1111200,Penelope,Camilla,VOLCANIC_ROCK_VOUCHER_9750,SEASHELLS,417.0,10
2073,1111900,Camilla,Penelope,VOLCANIC_ROCK_VOUCHER_9750,SEASHELLS,413.0,15
2074,1111900,Caesar,Penelope,VOLCANIC_ROCK_VOUCHER_9750,SEASHELLS,413.0,1
2082,1112100,Penelope,Camilla,VOLCANIC_ROCK_VOUCHER_9750,SEASHELLS,414.0,10
2117,1114500,Camilla,Caesar,VOLCANIC_ROCK_VOUCHER_9750,SEASHELLS,419.0,14
2127,1114900,Camilla,Caesar,VOLCANIC_ROCK_VOUCHER_9750,SEASHELLS,413.0,10
2128,1114900,Caesar,Caesar,VOLCANIC_ROCK_VOUCHER_9750,SEASHELLS,413.0,1
2135,1115000,Camilla,Caesar,VOLCANIC_ROCK_VOUCHER_9750,SEASHELLS,414.0,11
2172,1118200,Camilla,Caesar,VOLCANIC_ROCK_VOUCHER_9750,SEASHELLS,417.0,11
2173,1118200,Penelope,Camilla,VOLCANIC_ROCK_VOUCHER_9750,SEASHELLS,418.0,16
2194,1119500,Camilla,Caesar,VOLCANIC_ROCK_VOUCHER_9750,SEASHELLS,413.0,10
2195,1119500,Caesar,Caesar,VOLCANIC_ROCK_VOUCHER_9750,SEASHELLS,413.0,2
2226,1121400,Camilla,Caesar,VOLCANIC_ROCK_VOUCHER_9750,SEASHELLS,416.0,16
2250,1123400,Camilla,Caesar,VOLCANIC_ROCK_VOUCHER_9750,SEASHELLS,424.0,15
2262,1123800,Camilla,Caesar,VOLCANIC_ROCK_VOUCHER_9750,SEASHELLS,430.0,19
2269,1124000,Camilla,Caesar,VOLCANIC_ROCK_VOUCHER_9750,SEASHELLS,429.0,10
2277,1124200,Camilla,Caesar,VOLCANIC_ROCK_VOUCHER_9750,SEASHELLS,428.0,11
2282,1124400,Camilla,Pablo,VOLCANIC_ROCK_VOUCHER_9750,SEASHELLS,430.0,5
2294,1124600,Camilla,Caesar,VOLCANIC_ROCK_VOUCHER_9750,SEASHELLS,431.0,15
2322,1126400,Camilla,Caesar,VOLCANIC_ROCK_VOUCHER_9750,SEASHELLS,433.0,20
2363,1128800,Camilla,Caesar,VOLCANIC_ROCK_VOUCHER_9750,SEASHELLS,431.0,12
2398,1130100,Camilla,Caesar,VOLCANIC_ROCK_VOUCHER_9750,SEASHELLS,434.0,11
2399,1130100,Caesar,Caesar,VOLCANIC_ROCK_VOUCHER_9750,SEASHELLS,434.0,1
2426,1131300,Camilla,Penelope,VOLCANIC_ROCK_VOUCHER_9750,SEASHELLS,440.0,13
2427,1131300,Caesar,Penelope,VOLCANIC_ROCK_VOUCHER_9750,SEASHELLS,440.0,2
2445,1131900,Camilla,Caesar,VOLCANIC_ROCK_VOUCHER_9750,SEASHELLS,438.0,14
2506,1135300,Camilla,Caesar,VOLCANIC_ROCK_VOUCHER_9750,SEASHELLS,447.0,13
2543,1137800,Camilla,Caesar,VOLCANIC_ROCK_VOUCHER_9750,SEASHELLS,442.0,16
2570,1138800,Camilla,Caesar,VOLCANIC_ROCK_VOUCHER_9750,SEASHELLS,442.0,14
2571,1138800,Caesar,Caesar,VOLCANIC_ROCK_VOUCHER_9750,SEASHELLS,442.0,2
2591,1140400,Camilla,Pablo,VOLCANIC_ROCK_VOUCHER_9750,SEASHELLS,440.0,5
2608,1141100,Penelope,Camilla,VOLCANIC_ROCK_VOUCHER_9750,SEASHELLS,437.0,10
2609,1141100,Penelope,Caesar,VOLCANIC_ROCK_VOUCHER_9750,SEASHELLS,437.0,2
2631,1141900,Camilla,Caesar,VOLCANIC_ROCK_VOUCHER_9750,SEASHELLS,429.0,10
2664,1142800,Camilla,Caesar,VOLCANIC_ROCK_VOUCHER_9750,SEASHELLS,428.0,14
2665,1142800,Camilla,Penelope,VOLCANIC_ROCK_VOUCHER_9750,SEASHELLS,428.0,4
2666,1142800,Caesar,Penelope,VOLCANIC_ROCK_VOUCHER_9750,SEASHELLS,428.0,1
2679,1143100,Camilla,Caesar,VOLCANIC_ROCK_VOUCHER_9750,SEASHELLS,430.0,12
2680,1143100,Caesar,Caesar,VOLCANIC_ROCK_VOUCHER_9750,SEASHELLS,430.0,2
2693,1143300,Camilla,Caesar,VOLCANIC_ROCK_VOUCHER_9750,SEASHELLS,427.0,18
2694,1143300,Caesar,Caesar,VOLCANIC_ROCK_VOUCHER_9750,SEASHELLS,427.0,1
2704,1143400,Camilla,Caesar,VOLCANIC_ROCK_VOUCHER_9750,SEASHELLS,424.0,12
2705,1143400,Caesar,Caesar,VOLCANIC_ROCK_VOUCHER_9750,SEASHELLS,424.0,2
2726,1144300,Camilla,Penelope,VOLCANIC_ROCK_VOUCHER_9750,SEASHELLS,423.0,16
2787,1147700,Camilla,Pablo,VOLCANIC_ROCK_VOUCHER_9750,SEASHELLS,416.0,9
2801,1148200,Camilla,Pablo,VOLCANIC_ROCK_VOUCHER_9750,SEASHELLS,414.0,11
2828,1149300,Camilla,Caesar,VOLCANIC_ROCK_VOUCHER_9750,SEASHELLS,409.0,10
2829,1149300,Caesar,Caesar,VOLCANIC_ROCK_VOUCHER_9750,SEASHELLS,409.0,1
2836,1149800,Camilla,Caesar,VOLCANIC_ROCK_VOUCHER_9750,SEASHELLS,409.0,10
2849,1150700,Camilla,Pablo,VOLCANIC_ROCK_VOUCHER_9750,SEASHELLS,413.0,9
2884,1152500,Camilla,Caesar,VOLCANIC_ROCK_VOUCHER_9750,SEASHELLS,410.0,16
2890,1152700,Camilla,Penelope,VOLCANIC_ROCK_VOUCHER_9750,SEASHELLS,408.0,11
2906,1153400,Penelope,Camilla,VOLCANIC_ROCK_VOUCHER_9750,SEASHELLS,416.0,10
2969,1158400,Penelope,Camilla,VOLCANIC_ROCK_VOUCHER_9750,SEASHELLS,415.0,10
2970,1158400,Penelope,Caesar,VOLCANIC_ROCK_VOUCHER_9750,SEASHELLS,415.0,2
2999,1160100,Camilla,Caesar,VOLCANIC_ROCK_VOUCHER_9750,SEASHELLS,410.0,16
3016,1161200,Camilla,Pablo,VOLCANIC_ROCK_VOUCHER_9750,SEASHELLS,406.0,10
3026,1161300,Camilla,Pablo,VOLCANIC_ROCK_VOUCHER_9750,SEASHELLS,408.0,12
3034,1161500,Camilla,Pablo,VOLCANIC_ROCK_VOUCHER_9750,SEASHELLS,407.0,8
3053,1162600,Camilla,Caesar,VOLCANIC_ROCK_VOUCHER_9750,SEASHELLS,408.0,14
3060,1162800,Camilla,Pablo,VOLCANIC_ROCK_VOUCHER_9750,SEASHELLS,408.0,5
3070,1163200,Camilla,Caesar,VOLCANIC_ROCK_VOUCHER_9750,SEASHELLS,405.0,11
3081,1164000,Penelope,Camilla,VOLCANIC_ROCK_VOUCHER_9750,SEASHELLS,409.0,11
3098,1164700,Camilla,Pablo,VOLCANIC_ROCK_VOUCHER_9750,SEASHELLS,412.0,11
3099,1164700,Caesar,Pablo,VOLCANIC_ROCK_VOUCHER_9750,SEASHELLS,412.0,1
3100,1164700,Caesar,Pablo,VOLCANIC_ROCK_VOUCHER_9750,SEASHELLS,412.0,2
3109,1164800,Camilla,Caesar,VOLCANIC_ROCK_VOUCHER_9750,SEASHELLS,409.0,11
3110,1164800,Caesar,Caesar,VOLCANIC_ROCK_VOUCHER_9750,SEASHELLS,409.0,2
3125,1165100,Camilla,Caesar,VOLCANIC_ROCK_VOUCHER_9750,SEASHELLS,410.0,13
3126,1165100,Caesar,Caesar,VOLCANIC_ROCK_VOUCHER_9750,SEASHELLS,410.0,1
3138,1165200,Camilla,Caesar,VOLCANIC_ROCK_VOUCHER_9750,SEASHELLS,411.0,10
