,timestamp,buyer,seller,symbol,currency,price,quantity
42,3500,Camilla,Caesar,VOLCANIC_ROCK_VOUCHER_10500,SEASHELLS,9.0,14
43,3500,Caesar,Caesar,VOLCANIC_ROCK_VOUCHER_10500,SEASHELLS,9.0,2
53,4200,Camilla,Pablo,VOLCANIC_ROCK_VOUCHER_10500,SEASHELLS,8.0,7
111,7600,Camilla,Caesar,VOLCANIC_ROCK_VOUCHER_10500,SEASHELLS,9.0,13
136,9400,Camilla,Pablo,VOLCANIC_ROCK_VOUCHER_10500,SEASHELLS,9.0,10
177,12500,Camilla,Caesar,VOLCANIC_ROCK_VOUCHER_10500,SEASHELLS,7.0,18
217,15000,Camilla,Caesar,VOLCANIC_ROCK_VOUCHER_10500,SEASHELLS,7.0,17
251,17300,Camilla,Pablo,VOLCANIC_ROCK_VOUCHER_10500,SEASHELLS,6.0,9
259,17900,Camilla,Pablo,VOLCANIC_ROCK_VOUCHER_10500,SEASHELLS,7.0,14
285,19400,Camilla,Caesar,VOLCANIC_ROCK_VOUCHER_10500,SEASHELLS,7.0,17
315,21000,Camilla,Caesar,VOLCANIC_ROCK_VOUCHER_10500,SEASHELLS,7.0,12
324,21300,Camilla,Caesar,VOLCANIC_ROCK_VOUCHER_10500,SEASHELLS,7.0,14
359,22800,Camilla,Caesar,VOLCANIC_ROCK_VOUCHER_10500,SEASHELLS,7.0,17
360,22800,Caesar,Caesar,VOLCANIC_ROCK_VOUCHER_10500,SEASHELLS,7.0,1
381,24100,Camilla,Caesar,VOLCANIC_ROCK_VOUCHER_10500,SEASHELLS,7.0,15
410,26400,Camilla,Caesar,VOLCANIC_ROCK_VOUCHER_10500,SEASHELLS,7.0,10
423,27100,Camilla,Caesar,VOLCANIC_ROCK_VOUCHER_10500,SEASHELLS,7.0,11
433,27800,Camilla,Caesar,VOLCANIC_ROCK_VOUCHER_10500,SEASHELLS,7.0,15
458,29500,Camilla,Caesar,VOLCANIC_ROCK_VOUCHER_10500,SEASHELLS,6.0,11
503,31800,Camilla,Caesar,VOLCANIC_ROCK_VOUCHER_10500,SEASHELLS,6.0,16
504,31800,Caesar,Caesar,VOLCANIC_ROCK_VOUCHER_10500,SEASHELLS,6.0,1
551,34800,Camilla,Caesar,VOLCANIC_ROCK_VOUCHER_10500,SEASHELLS,6.0,10
566,35600,Camilla,Caesar,VOLCANIC_ROCK_VOUCHER_10500,SEASHELLS,6.0,14
580,36800,Camilla,Pablo,VOLCANIC_ROCK_VOUCHER_10500,SEASHELLS,6.0,12
581,36800,Caesar,Pablo,VOLCANIC_ROCK_VOUCHER_10500,SEASHELLS,6.0,2
607,38100,Camilla,Caesar,VOLCANIC_ROCK_VOUCHER_10500,SEASHELLS,6.0,13
641,41200,Camilla,Caesar,VOLCANIC_ROCK_VOUCHER_10500,SEASHELLS,6.0,11
669,43600,Camilla,Caesar,VOLCANIC_ROCK_VOUCHER_10500,SEASHELLS,6.0,12
696,45300,Camilla,Pablo,VOLCANIC_ROCK_VOUCHER_10500,SEASHELLS,6.0,12
704,45700,Camilla,Caesar,VOLCANIC_ROCK_VOUCHER_10500,SEASHELLS,6.0,14
710,46100,Camilla,Pablo,VOLCANIC_ROCK_VOUCHER_10500,SEASHELLS,6.0,10
733,47600,Camilla,Caesar,VOLCANIC_ROCK_VOUCHER_10500,SEASHELLS,6.0,12
750,48300,Camilla,Pablo,VOLCANIC_ROCK_VOUCHER_10500,SEASHELLS,5.0,10
751,48300,Caesar,Pablo,VOLCANIC_ROCK_VOUCHER_10500,SEASHELLS,5.0,2
788,50100,Camilla,Caesar,VOLCANIC_ROCK_VOUCHER_10500,SEASHELLS,5.0,12
789,50100,Caesar,Caesar,VOLCANIC_ROCK_VOUCHER_10500,SEASHELLS,5.0,2
810,50700,Camilla,Caesar,VOLCANIC_ROCK_VOUCHER_10500,SEASHELLS,5.0,11
844,52700,Camilla,Pablo,VOLCANIC_ROCK_VOUCHER_10500,SEASHELLS,5.0,10
845,52700,Caesar,Pablo,VOLCANIC_ROCK_VOUCHER_10500,SEASHELLS,5.0,2
858,53400,Camilla,Pablo,VOLCANIC_ROCK_VOUCHER_10500,SEASHELLS,5.0,11
904,56500,Camilla,Caesar,VOLCANIC_ROCK_VOUCHER_10500,SEASHELLS,4.0,15
905,56500,Caesar,Caesar,VOLCANIC_ROCK_VOUCHER_10500,SEASHELLS,4.0,2
912,56600,Camilla,Caesar,VOLCANIC_ROCK_VOUCHER_10500,SEASHELLS,4.0,16
922,57000,Camilla,Caesar,VOLCANIC_ROCK_VOUCHER_10500,SEASHELLS,5.0,19
923,57000,Caesar,Caesar,VOLCANIC_ROCK_VOUCHER_10500,SEASHELLS,5.0,1
954,58200,Camilla,Caesar,VOLCANIC_ROCK_VOUCHER_10500,SEASHELLS,4.0,19
970,58700,Camilla,Caesar,VOLCANIC_ROCK_VOUCHER_10500,SEASHELLS,4.0,10
1082,65200,Camilla,Caesar,VOLCANIC_ROCK_VOUCHER_10500,SEASHELLS,6.0,17
1108,66300,Camilla,Caesar,VOLCANIC_ROCK_VOUCHER_10500,SEASHELLS,6.0,13
1125,67200,Camilla,Caesar,VOLCANIC_ROCK_VOUCHER_10500,SEASHELLS,6.0,11
1126,67200,Caesar,Caesar,VOLCANIC_ROCK_VOUCHER_10500,SEASHELLS,6.0,1
1167,69300,Camilla,Pablo,VOLCANIC_ROCK_VOUCHER_10500,SEASHELLS,6.0,15
1175,69600,Camilla,Caesar,VOLCANIC_ROCK_VOUCHER_10500,SEASHELLS,6.0,20
1196,71700,Camilla,Caesar,VOLCANIC_ROCK_VOUCHER_10500,SEASHELLS,6.0,11
1197,71700,Caesar,Caesar,VOLCANIC_ROCK_VOUCHER_10500,SEASHELLS,6.0,1
1228,73000,Camilla,Caesar,VOLCANIC_ROCK_VOUCHER_10500,SEASHELLS,6.0,12
1267,74900,Camilla,Caesar,VOLCANIC_ROCK_VOUCHER_10500,SEASHELLS,6.0,14
1291,76000,Camilla,Caesar,VOLCANIC_ROCK_VOUCHER_10500,SEASHELLS,6.0,16
1292,76000,Caesar,Caesar,VOLCANIC_ROCK_VOUCHER_10500,SEASHELLS,6.0,1
1325,78500,Camilla,Caesar,VOLCANIC_ROCK_VOUCHER_10500,SEASHELLS,6.0,14
1347,80000,Camilla,Pablo,VOLCANIC_ROCK_VOUCHER_10500,SEASHELLS,6.0,15
1354,80200,Camilla,Caesar,VOLCANIC_ROCK_VOUCHER_10500,SEASHELLS,6.0,12
1417,83800,Camilla,Caesar,VOLCANIC_ROCK_VOUCHER_10500,SEASHELLS,6.0,11
1441,85100,Camilla,Pablo,VOLCANIC_ROCK_VOUCHER_10500,SEASHELLS,6.0,5
1450,85400,Camilla,Pablo,VOLCANIC_ROCK_VOUCHER_10500,SEASHELLS,6.0,9
1513,88700,Camilla,Caesar,VOLCANIC_ROCK_VOUCHER_10500,SEASHELLS,5.0,12
1540,90400,Camilla,Pablo,VOLCANIC_ROCK_VOUCHER_10500,SEASHELLS,5.0,10
1598,92400,Camilla,Caesar,VOLCANIC_ROCK_VOUCHER_10500,SEASHELLS,6.0,11
1609,92900,Camilla,Caesar,VOLCANIC_ROCK_VOUCHER_10500,SEASHELLS,6.0,16
1630,94000,Camilla,Caesar,VOLCANIC_ROCK_VOUCHER_10500,SEASHELLS,6.0,15
1631,94000,Caesar,Caesar,VOLCANIC_ROCK_VOUCHER_10500,SEASHELLS,6.0,2
1657,95900,Camilla,Caesar,VOLCANIC_ROCK_VOUCHER_10500,SEASHELLS,5.0,15
1729,101300,Camilla,Caesar,VOLCANIC_ROCK_VOUCHER_10500,SEASHELLS,4.0,17
1740,102000,Camilla,Caesar,VOLCANIC_ROCK_VOUCHER_10500,SEASHELLS,4.0,13
1748,102100,Camilla,Pablo,VOLCANIC_ROCK_VOUCHER_10500,SEASHELLS,4.0,8
1762,102600,Camilla,Caesar,VOLCANIC_ROCK_VOUCHER_10500,SEASHELLS,4.0,19
1783,104000,Camilla,Pablo,VOLCANIC_ROCK_VOUCHER_10500,SEASHELLS,5.0,5
1790,104200,Camilla,Caesar,VOLCANIC_ROCK_VOUCHER_10500,SEASHELLS,4.0,16
1791,104200,Caesar,Caesar,VOLCANIC_ROCK_VOUCHER_10500,SEASHELLS,4.0,2
1862,108400,Camilla,Caesar,VOLCANIC_ROCK_VOUCHER_10500,SEASHELLS,4.0,16
1929,112000,Camilla,Caesar,VOLCANIC_ROCK_VOUCHER_10500,SEASHELLS,5.0,14
1930,112000,Caesar,Caesar,VOLCANIC_ROCK_VOUCHER_10500,SEASHELLS,5.0,2
1947,113600,Camilla,Caesar,VOLCANIC_ROCK_VOUCHER_10500,SEASHELLS,4.0,12
1948,113600,Caesar,Caesar,VOLCANIC_ROCK_VOUCHER_10500,SEASHELLS,4.0,2
1954,113900,Camilla,Pablo,VOLCANIC_ROCK_VOUCHER_10500,SEASHELLS,5.0,7
1972,114500,Camilla,Caesar,VOLCANIC_ROCK_VOUCHER_10500,SEASHELLS,4.0,11
1973,114500,Caesar,Caesar,VOLCANIC_ROCK_VOUCHER_10500,SEASHELLS,4.0,2
2014,116400,Camilla,Caesar,VOLCANIC_ROCK_VOUCHER_10500,SEASHELLS,4.0,19
2015,116400,Caesar,Caesar,VOLCANIC_ROCK_VOUCHER_10500,SEASHELLS,4.0,1
2089,121700,Camilla,Caesar,VOLCANIC_ROCK_VOUCHER_10500,SEASHELLS,4.0,11
2163,127200,Camilla,Caesar,VOLCANIC_ROCK_VOUCHER_10500,SEASHELLS,4.0,10
2196,128900,Camilla,Caesar,VOLCANIC_ROCK_VOUCHER_10500,SEASHELLS,4.0,12
2204,129100,Camilla,Pablo,VOLCANIC_ROCK_VOUCHER_10500,SEASHELLS,4.0,15
2229,130400,Camilla,Pablo,VOLCANIC_ROCK_VOUCHER_10500,SEASHELLS,4.0,12
2237,130500,Camilla,Pablo,VOLCANIC_ROCK_VOUCHER_10500,SEASHELLS,4.0,13
2256,131900,Camilla,Caesar,VOLCANIC_ROCK_VOUCHER_10500,SEASHELLS,4.0,11
2261,132000,Camilla,Pablo,VOLCANIC_ROCK_VOUCHER_10500,SEASHELLS,4.0,5
2283,133200,Camilla,Caesar,VOLCANIC_ROCK_VOUCHER_10500,SEASHELLS,4.0,13
2284,133200,Caesar,Caesar,VOLCANIC_ROCK_VOUCHER_10500,SEASHELLS,4.0,1
2297,134200,Camilla,Caesar,VOLCANIC_ROCK_VOUCHER_10500,SEASHELLS,5.0,13
2298,134200,Caesar,Caesar,VOLCANIC_ROCK_VOUCHER_10500,SEASHELLS,5.0,2
2321,135000,Camilla,Pablo,VOLCANIC_ROCK_VOUCHER_10500,SEASHELLS,5.0,11
2342,136700,Camilla,Caesar,VOLCANIC_ROCK_VOUCHER_10500,SEASHELLS,5.0,17
2387,139700,Camilla,Caesar,VOLCANIC_ROCK_VOUCHER_10500,SEASHELLS,5.0,12
2388,139700,Caesar,Caesar,VOLCANIC_ROCK_VOUCHER_10500,SEASHELLS,5.0,1
2398,140100,Camilla,Caesar,VOLCANIC_ROCK_VOUCHER_10500,SEASHELLS,5.0,10
2447,143100,Penelope,Camilla,VOLCANIC_ROCK_VOUCHER_10500,SEASHELLS,6.0,12
2455,143600,Camilla,Pablo,VOLCANIC_ROCK_VOUCHER_10500,SEASHELLS,6.0,5
2465,143900,Camilla,Caesar,VOLCANIC_ROCK_VOUCHER_10500,SEASHELLS,5.0,11
2476,144400,Camilla,Caesar,VOLCANIC_ROCK_VOUCHER_10500,SEASHELLS,5.0,14
2484,144800,Camilla,Caesar,VOLCANIC_ROCK_VOUCHER_10500,SEASHELLS,5.0,13
2581,151400,Penelope,Camilla,VOLCANIC_ROCK_VOUCHER_10500,SEASHELLS,6.0,10
2582,151400,Penelope,Caesar,VOLCANIC_ROCK_VOUCHER_10500,SEASHELLS,6.0,1
2618,153900,Camilla,Caesar,VOLCANIC_ROCK_VOUCHER_10500,SEASHELLS,6.0,12
2637,154800,Camilla,Pablo,VOLCANIC_ROCK_VOUCHER_10500,SEASHELLS,6.0,9
2649,155200,Camilla,Caesar,VOLCANIC_ROCK_VOUCHER_10500,SEASHELLS,6.0,13
2654,155300,Camilla,Caesar,VOLCANIC_ROCK_VOUCHER_10500,SEASHELLS,6.0,12
2663,156000,Camilla,Caesar,VOLCANIC_ROCK_VOUCHER_10500,SEASHELLS,6.0,19
2672,156200,Camilla,Pablo,VOLCANIC_ROCK_VOUCHER_10500,SEASHELLS,6.0,6
2684,156500,Camilla,Caesar,VOLCANIC_ROCK_VOUCHER_10500,SEASHELLS,6.0,11
2693,156900,Camilla,Caesar,VOLCANIC_ROCK_VOUCHER_10500,SEASHELLS,6.0,19
2764,161800,Camilla,Caesar,VOLCANIC_ROCK_VOUCHER_10500,SEASHELLS,6.0,16
2782,162300,Camilla,Caesar,VOLCANIC_ROCK_VOUCHER_10500,SEASHELLS,7.0,11
2783,162300,Caesar,Caesar,VOLCANIC_ROCK_VOUCHER_10500,SEASHELLS,7.0,2
2793,162600,Camilla,Caesar,VOLCANIC_ROCK_VOUCHER_10500,SEASHELLS,7.0,11
2875,167800,Camilla,Caesar,VOLCANIC_ROCK_VOUCHER_10500,SEASHELLS,6.0,17
2883,168300,Camilla,Caesar,VOLCANIC_ROCK_VOUCHER_10500,SEASHELLS,6.0,10
2898,169300,Camilla,Caesar,VOLCANIC_ROCK_VOUCHER_10500,SEASHELLS,5.0,13
2939,172200,Camilla,Pablo,VOLCANIC_ROCK_VOUCHER_10500,SEASHELLS,5.0,13
2953,172500,Camilla,Pablo,VOLCANIC_ROCK_VOUCHER_10500,SEASHELLS,5.0,15
2965,172900,Camilla,Pablo,VOLCANIC_ROCK_VOUCHER_10500,SEASHELLS,5.0,12
2966,172900,Caesar,Pablo,VOLCANIC_ROCK_VOUCHER_10500,SEASHELLS,5.0,1
2981,173300,Camilla,Caesar,VOLCANIC_ROCK_VOUCHER_10500,SEASHELLS,5.0,11
2988,173500,Camilla,Pablo,VOLCANIC_ROCK_VOUCHER_10500,SEASHELLS,5.0,7
3028,176200,Camilla,Caesar,VOLCANIC_ROCK_VOUCHER_10500,SEASHELLS,5.0,12
3055,178300,Camilla,Pablo,VOLCANIC_ROCK_VOUCHER_10500,SEASHELLS,4.0,10
3060,178400,Camilla,Caesar,VOLCANIC_ROCK_VOUCHER_10500,SEASHELLS,4.0,14
3079,179300,Camilla,Caesar,VOLCANIC_ROCK_VOUCHER_10500,SEASHELLS,4.0,15
3080,179300,Caesar,Caesar,VOLCANIC_ROCK_VOUCHER_10500,SEASHELLS,4.0,2
3114,180800,Camilla,Caesar,VOLCANIC_ROCK_VOUCHER_10500,SEASHELLS,4.0,10
3122,180900,Camilla,Pablo,VOLCANIC_ROCK_VOUCHER_10500,SEASHELLS,4.0,6
3137,182100,Camilla,Pablo,VOLCANIC_ROCK_VOUCHER_10500,SEASHELLS,4.0,9
3163,183500,Camilla,Caesar,VOLCANIC_ROCK_VOUCHER_10500,SEASHELLS,4.0,14
3184,184100,Camilla,Caesar,VOLCANIC_ROCK_VOUCHER_10500,SEASHELLS,4.0,16
3219,186500,Camilla,Caesar,VOLCANIC_ROCK_VOUCHER_10500,SEASHELLS,4.0,13
3236,187500,Camilla,Caesar,VOLCANIC_ROCK_VOUCHER_10500,SEASHELLS,4.0,16
3253,188400,Camilla,Caesar,VOLCANIC_ROCK_VOUCHER_10500,SEASHELLS,4.0,18
3254,188400,Caesar,Caesar,VOLCANIC_ROCK_VOUCHER_10500,SEASHELLS,4.0,2
3274,189200,Camilla,Caesar,VOLCANIC_ROCK_VOUCHER_10500,SEASHELLS,4.0,16
3275,189200,Caesar,Caesar,VOLCANIC_ROCK_VOUCHER_10500,SEASHELLS,4.0,1
3313,191100,Camilla,Caesar,VOLCANIC_ROCK_VOUCHER_10500,SEASHELLS,4.0,18
3314,191100,Caesar,Caesar,VOLCANIC_ROCK_VOUCHER_10500,SEASHELLS,4.0,2
3323,191200,Camilla,Caesar,VOLCANIC_ROCK_VOUCHER_10500,SEASHELLS,4.0,16
3369,193000,Camilla,Caesar,VOLCANIC_ROCK_VOUCHER_10500,SEASHELLS,4.0,19
3415,195900,Camilla,Caesar,VOLCANIC_ROCK_VOUCHER_10500,SEASHELLS,4.0,10
3416,195900,Caesar,Caesar,VOLCANIC_ROCK_VOUCHER_10500,SEASHELLS,4.0,2
3446,197300,Camilla,Caesar,VOLCANIC_ROCK_VOUCHER_10500,SEASHELLS,4.0,17
3453,197800,Camilla,Caesar,VOLCANIC_ROCK_VOUCHER_10500,SEASHELLS,4.0,10
3487,200300,Camilla,Caesar,VOLCANIC_ROCK_VOUCHER_10500,SEASHELLS,4.0,11
3511,201400,Camilla,Caesar,VOLCANIC_ROCK_VOUCHER_10500,SEASHELLS,4.0,17
3544,202600,Camilla,Caesar,VOLCANIC_ROCK_VOUCHER_10500,SEASHELLS,4.0,12
3545,202600,Caesar,Caesar,VOLCANIC_ROCK_VOUCHER_10500,SEASHELLS,4.0,2
3603,205900,Camilla,Caesar,VOLCANIC_ROCK_VOUCHER_10500,SEASHELLS,4.0,15
3620,206500,Camilla,Caesar,VOLCANIC_ROCK_VOUCHER_10500,SEASHELLS,5.0,16
3652,208200,Camilla,Caesar,VOLCANIC_ROCK_VOUCHER_10500,SEASHELLS,4.0,19
3662,208600,Camilla,Pablo,VOLCANIC_ROCK_VOUCHER_10500,SEASHELLS,5.0,13
3672,209100,Camilla,Pablo,VOLCANIC_ROCK_VOUCHER_10500,SEASHELLS,4.0,7
3735,211800,Camilla,Caesar,VOLCANIC_ROCK_VOUCHER_10500,SEASHELLS,4.0,10
3763,212900,Camilla,Caesar,VOLCANIC_ROCK_VOUCHER_10500,SEASHELLS,4.0,12
3776,213200,Camilla,Caesar,VOLCANIC_ROCK_VOUCHER_10500,SEASHELLS,4.0,12
3777,213200,Caesar,Caesar,VOLCANIC_ROCK_VOUCHER_10500,SEASHELLS,4.0,1
3805,214200,Camilla,Caesar,VOLCANIC_ROCK_VOUCHER_10500,SEASHELLS,4.0,15
3845,217100,Camilla,Caesar,VOLCANIC_ROCK_VOUCHER_10500,SEASHELLS,4.0,14
3860,217700,Camilla,Pablo,VOLCANIC_ROCK_VOUCHER_10500,SEASHELLS,4.0,13
3876,218700,Camilla,Caesar,VOLCANIC_ROCK_VOUCHER_10500,SEASHELLS,4.0,10
3877,218700,Caesar,Caesar,VOLCANIC_ROCK_VOUCHER_10500,SEASHELLS,4.0,1
3886,218800,Camilla,Caesar,VOLCANIC_ROCK_VOUCHER_10500,SEASHELLS,4.0,12
3887,218800,Caesar,Caesar,VOLCANIC_ROCK_VOUCHER_10500,SEASHELLS,4.0,2
3910,219700,Camilla,Caesar,VOLCANIC_ROCK_VOUCHER_10500,SEASHELLS,4.0,14
3927,220900,Camilla,Caesar,VOLCANIC_ROCK_VOUCHER_10500,SEASHELLS,4.0,12
3928,220900,Caesar,Caesar,VOLCANIC_ROCK_VOUCHER_10500,SEASHELLS,4.0,2
4000,224100,Camilla,Caesar,VOLCANIC_ROCK_VOUCHER_10500,SEASHELLS,4.0,20
4005,224200,Camilla,Pablo,VOLCANIC_ROCK_VOUCHER_10500,SEASHELLS,4.0,14
4028,225200,Camilla,Caesar,VOLCANIC_ROCK_VOUCHER_10500,SEASHELLS,4.0,12
4063,228000,Camilla,Pablo,VOLCANIC_ROCK_VOUCHER_10500,SEASHELLS,4.0,7
4072,228500,Camilla,Caesar,VOLCANIC_ROCK_VOUCHER_10500,SEASHELLS,4.0,17
4095,229700,Camilla,Caesar,VOLCANIC_ROCK_VOUCHER_10500,SEASHELLS,4.0,14
4096,229700,Caesar,Caesar,VOLCANIC_ROCK_VOUCHER_10500,SEASHELLS,4.0,1
4129,231600,Camilla,Pablo,VOLCANIC_ROCK_VOUCHER_10500,SEASHELLS,4.0,14
4179,234800,Camilla,Caesar,VOLCANIC_ROCK_VOUCHER_10500,SEASHELLS,4.0,19
4197,236000,Camilla,Caesar,VOLCANIC_ROCK_VOUCHER_10500,SEASHELLS,4.0,11
4207,236400,Camilla,Caesar,VOLCANIC_ROCK_VOUCHER_10500,SEASHELLS,4.0,11
4214,236800,Camilla,Caesar,VOLCANIC_ROCK_VOUCHER_10500,SEASHELLS,4.0,17
4241,237800,Camilla,Caesar,VOLCANIC_ROCK_VOUCHER_10500,SEASHELLS,4.0,13
4262,239000,Camilla,Caesar,VOLCANIC_ROCK_VOUCHER_10500,SEASHELLS,3.0,10
4269,239300,Camilla,Caesar,VOLCANIC_ROCK_VOUCHER_10500,SEASHELLS,3.0,11
4270,239300,Caesar,Caesar,VOLCANIC_ROCK_VOUCHER_10500,SEASHELLS,3.0,1
4277,239400,Camilla,Caesar,VOLCANIC_ROCK_VOUCHER_10500,SEASHELLS,3.0,14
4278,239400,Caesar,Caesar,VOLCANIC_ROCK_VOUCHER_10500,SEASHELLS,3.0,1
4301,240200,Camilla,Caesar,VOLCANIC_ROCK_VOUCHER_10500,SEASHELLS,4.0,10
4316,240800,Camilla,Caesar,VOLCANIC_ROCK_VOUCHER_10500,SEASHELLS,3.0,12
4317,240800,Caesar,Caesar,VOLCANIC_ROCK_VOUCHER_10500,SEASHELLS,3.0,1
4340,242000,Camilla,Caesar,VOLCANIC_ROCK_VOUCHER_10500,SEASHELLS,3.0,14
4367,243600,Camilla,Caesar,VOLCANIC_ROCK_VOUCHER_10500,SEASHELLS,3.0,10
4383,244200,Camilla,Caesar,VOLCANIC_ROCK_VOUCHER_10500,SEASHELLS,3.0,15
4396,245000,Camilla,Caesar,VOLCANIC_ROCK_VOUCHER_10500,SEASHELLS,3.0,17
4416,246200,Camilla,Caesar,VOLCANIC_ROCK_VOUCHER_10500,SEASHELLS,3.0,10
4417,246200,Caesar,Caesar,VOLCANIC_ROCK_VOUCHER_10500,SEASHELLS,3.0,2
4425,246300,Camilla,Caesar,VOLCANIC_ROCK_VOUCHER_10500,SEASHELLS,3.0,12
4449,248100,Camilla,Caesar,VOLCANIC_ROCK_VOUCHER_10500,SEASHELLS,3.0,16
4458,248800,Camilla,Caesar,VOLCANIC_ROCK_VOUCHER_10500,SEASHELLS,4.0,15
4465,249100,Camilla,Caesar,VOLCANIC_ROCK_VOUCHER_10500,SEASHELLS,4.0,15
4499,250300,Camilla,Caesar,VOLCANIC_ROCK_VOUCHER_10500,SEASHELLS,3.0,16
4510,250800,Camilla,Caesar,VOLCANIC_ROCK_VOUCHER_10500,SEASHELLS,3.0,15
4546,252600,Camilla,Caesar,VOLCANIC_ROCK_VOUCHER_10500,SEASHELLS,4.0,14
4552,252700,Camilla,Caesar,VOLCANIC_ROCK_VOUCHER_10500,SEASHELLS,4.0,14
4603,255800,Camilla,Caesar,VOLCANIC_ROCK_VOUCHER_10500,SEASHELLS,4.0,10
4612,256800,Camilla,Caesar,VOLCANIC_ROCK_VOUCHER_10500,SEASHELLS,4.0,15
4631,257800,Camilla,Caesar,VOLCANIC_ROCK_VOUCHER_10500,SEASHELLS,4.0,17
4639,258000,Camilla,Pablo,VOLCANIC_ROCK_VOUCHER_10500,SEASHELLS,4.0,8
4651,258600,Camilla,Caesar,VOLCANIC_ROCK_VOUCHER_10500,SEASHELLS,4.0,16
4680,260400,Camilla,Caesar,VOLCANIC_ROCK_VOUCHER_10500,SEASHELLS,3.0,14
4681,260400,Caesar,Caesar,VOLCANIC_ROCK_VOUCHER_10500,SEASHELLS,3.0,2
4757,263800,Camilla,Pablo,VOLCANIC_ROCK_VOUCHER_10500,SEASHELLS,3.0,8
4781,265300,Camilla,Caesar,VOLCANIC_ROCK_VOUCHER_10500,SEASHELLS,2.0,19
4782,265300,Penelope,Camilla,VOLCANIC_ROCK_VOUCHER_10500,SEASHELLS,3.0,20
4791,265700,Camilla,Caesar,VOLCANIC_ROCK_VOUCHER_10500,SEASHELLS,3.0,14
4805,266100,Camilla,Caesar,VOLCANIC_ROCK_VOUCHER_10500,SEASHELLS,3.0,11
4816,266500,Camilla,Pablo,VOLCANIC_ROCK_VOUCHER_10500,SEASHELLS,3.0,11
4828,267100,Camilla,Caesar,VOLCANIC_ROCK_VOUCHER_10500,SEASHELLS,3.0,10
4829,267100,Caesar,Caesar,VOLCANIC_ROCK_VOUCHER_10500,SEASHELLS,3.0,2
4848,267800,Camilla,Caesar,VOLCANIC_ROCK_VOUCHER_10500,SEASHELLS,3.0,15
4849,267800,Caesar,Caesar,VOLCANIC_ROCK_VOUCHER_10500,SEASHELLS,3.0,2
4860,268200,Camilla,Pablo,VOLCANIC_ROCK_VOUCHER_10500,SEASHELLS,3.0,11
4861,268200,Caesar,Pablo,VOLCANIC_ROCK_VOUCHER_10500,SEASHELLS,3.0,1
4884,269100,Camilla,Caesar,VOLCANIC_ROCK_VOUCHER_10500,SEASHELLS,3.0,12
4885,269100,Caesar,Caesar,VOLCANIC_ROCK_VOUCHER_10500,SEASHELLS,3.0,1
4922,271300,Camilla,Penelope,VOLCANIC_ROCK_VOUCHER_10500,SEASHELLS,3.0,13
4923,271300,Caesar,Penelope,VOLCANIC_ROCK_VOUCHER_10500,SEASHELLS,3.0,1
4971,274000,Camilla,Caesar,VOLCANIC_ROCK_VOUCHER_10500,SEASHELLS,3.0,10
4976,274100,Camilla,Pablo,VOLCANIC_ROCK_VOUCHER_10500,SEASHELLS,3.0,12
4995,275000,Camilla,Penelope,VOLCANIC_ROCK_VOUCHER_10500,SEASHELLS,3.0,10
5026,276700,Camilla,Caesar,VOLCANIC_ROCK_VOUCHER_10500,SEASHELLS,2.0,15
5042,277800,Camilla,Caesar,VOLCANIC_ROCK_VOUCHER_10500,SEASHELLS,2.0,16
5061,278700,Camilla,Caesar,VOLCANIC_ROCK_VOUCHER_10500,SEASHELLS,2.0,14
5087,280300,Camilla,Pablo,VOLCANIC_ROCK_VOUCHER_10500,SEASHELLS,2.0,8
5092,280400,Camilla,Caesar,VOLCANIC_ROCK_VOUCHER_10500,SEASHELLS,2.0,12
5158,284800,Camilla,Caesar,VOLCANIC_ROCK_VOUCHER_10500,SEASHELLS,2.0,12
5266,291800,Camilla,Caesar,VOLCANIC_ROCK_VOUCHER_10500,SEASHELLS,3.0,19
5295,293800,Camilla,Caesar,VOLCANIC_ROCK_VOUCHER_10500,SEASHELLS,3.0,10
5301,294000,Camilla,Caesar,VOLCANIC_ROCK_VOUCHER_10500,SEASHELLS,3.0,16
5326,295100,Camilla,Caesar,VOLCANIC_ROCK_VOUCHER_10500,SEASHELLS,3.0,12
5327,295100,Caesar,Caesar,VOLCANIC_ROCK_VOUCHER_10500,SEASHELLS,3.0,1
5368,296900,Camilla,Caesar,VOLCANIC_ROCK_VOUCHER_10500,SEASHELLS,3.0,10
5420,299500,Camilla,Caesar,VOLCANIC_ROCK_VOUCHER_10500,SEASHELLS,4.0,16
5432,299900,Camilla,Caesar,VOLCANIC_ROCK_VOUCHER_10500,SEASHELLS,4.0,19
5476,302200,Camilla,Caesar,VOLCANIC_ROCK_VOUCHER_10500,SEASHELLS,4.0,19
5490,303500,Camilla,Caesar,VOLCANIC_ROCK_VOUCHER_10500,SEASHELLS,4.0,11
5525,305200,Camilla,Pablo,VOLCANIC_ROCK_VOUCHER_10500,SEASHELLS,4.0,8
5536,305400,Camilla,Caesar,VOLCANIC_ROCK_VOUCHER_10500,SEASHELLS,4.0,16
5537,305400,Caesar,Caesar,VOLCANIC_ROCK_VOUCHER_10500,SEASHELLS,4.0,1
5570,307100,Camilla,Pablo,VOLCANIC_ROCK_VOUCHER_10500,SEASHELLS,4.0,9
5585,307800,Camilla,Caesar,VOLCANIC_ROCK_VOUCHER_10500,SEASHELLS,4.0,18
5594,308000,Camilla,Caesar,VOLCANIC_ROCK_VOUCHER_10500,SEASHELLS,3.0,15
5595,308000,Caesar,Caesar,VOLCANIC_ROCK_VOUCHER_10500,SEASHELLS,3.0,1
5602,308200,Camilla,Pablo,VOLCANIC_ROCK_VOUCHER_10500,SEASHELLS,4.0,14
5633,309400,Camilla,Caesar,VOLCANIC_ROCK_VOUCHER_10500,SEASHELLS,4.0,19
5634,309400,Caesar,Caesar,VOLCANIC_ROCK_VOUCHER_10500,SEASHELLS,4.0,1
5642,309600,Camilla,Caesar,VOLCANIC_ROCK_VOUCHER_10500,SEASHELLS,4.0,10
5650,309900,Camilla,Pablo,VOLCANIC_ROCK_VOUCHER_10500,SEASHELLS,4.0,14
5688,313200,Camilla,Caesar,VOLCANIC_ROCK_VOUCHER_10500,SEASHELLS,3.0,20
5712,314700,Camilla,Caesar,VOLCANIC_ROCK_VOUCHER_10500,SEASHELLS,3.0,12
5729,315300,Camilla,Caesar,VOLCANIC_ROCK_VOUCHER_10500,SEASHELLS,3.0,12
5743,315700,Camilla,Caesar,VOLCANIC_ROCK_VOUCHER_10500,SEASHELLS,3.0,14
5773,317100,Camilla,Caesar,VOLCANIC_ROCK_VOUCHER_10500,SEASHELLS,3.0,15
5774,317100,Caesar,Caesar,VOLCANIC_ROCK_VOUCHER_10500,SEASHELLS,3.0,2
5782,317200,Camilla,Caesar,VOLCANIC_ROCK_VOUCHER_10500,SEASHELLS,3.0,11
5800,317500,Camilla,Caesar,VOLCANIC_ROCK_VOUCHER_10500,SEASHELLS,3.0,10
5801,317500,Caesar,Caesar,VOLCANIC_ROCK_VOUCHER_10500,SEASHELLS,3.0,2
5846,320200,Camilla,Caesar,VOLCANIC_ROCK_VOUCHER_10500,SEASHELLS,3.0,10
5847,320200,Caesar,Caesar,VOLCANIC_ROCK_VOUCHER_10500,SEASHELLS,3.0,2
5856,320500,Camilla,Caesar,VOLCANIC_ROCK_VOUCHER_10500,SEASHELLS,3.0,10
5873,321000,Camilla,Caesar,VOLCANIC_ROCK_VOUCHER_10500,SEASHELLS,3.0,17
5878,321100,Camilla,Pablo,VOLCANIC_ROCK_VOUCHER_10500,SEASHELLS,3.0,9
5889,321800,Camilla,Caesar,VOLCANIC_ROCK_VOUCHER_10500,SEASHELLS,3.0,12
5896,322000,Camilla,Pablo,VOLCANIC_ROCK_VOUCHER_10500,SEASHELLS,3.0,9
5910,322500,Camilla,Caesar,VOLCANIC_ROCK_VOUCHER_10500,SEASHELLS,3.0,18
5911,322500,Caesar,Caesar,VOLCANIC_ROCK_VOUCHER_10500,SEASHELLS,3.0,1
5981,326900,Camilla,Caesar,VOLCANIC_ROCK_VOUCHER_10500,SEASHELLS,2.0,12
6014,329000,Camilla,Caesar,VOLCANIC_ROCK_VOUCHER_10500,SEASHELLS,2.0,19
6015,329000,Caesar,Caesar,VOLCANIC_ROCK_VOUCHER_10500,SEASHELLS,2.0,1
6062,331200,Camilla,Pablo,VOLCANIC_ROCK_VOUCHER_10500,SEASHELLS,2.0,14
6074,331500,Camilla,Caesar,VOLCANIC_ROCK_VOUCHER_10500,SEASHELLS,2.0,13
6090,332100,Camilla,Caesar,VOLCANIC_ROCK_VOUCHER_10500,SEASHELLS,2.0,10
6097,332500,Camilla,Caesar,VOLCANIC_ROCK_VOUCHER_10500,SEASHELLS,2.0,12
6122,333700,Camilla,Caesar,VOLCANIC_ROCK_VOUCHER_10500,SEASHELLS,2.0,16
6157,335200,Camilla,Caesar,VOLCANIC_ROCK_VOUCHER_10500,SEASHELLS,2.0,14
6158,335200,Caesar,Caesar,VOLCANIC_ROCK_VOUCHER_10500,SEASHELLS,2.0,2
6205,338100,Camilla,Caesar,VOLCANIC_ROCK_VOUCHER_10500,SEASHELLS,3.0,10
6206,338100,Caesar,Caesar,VOLCANIC_ROCK_VOUCHER_10500,SEASHELLS,3.0,1
6231,340100,Penelope,Camilla,VOLCANIC_ROCK_VOUCHER_10500,SEASHELLS,3.0,11
6256,342100,Camilla,Caesar,VOLCANIC_ROCK_VOUCHER_10500,SEASHELLS,3.0,13
6281,343500,Camilla,Caesar,VOLCANIC_ROCK_VOUCHER_10500,SEASHELLS,3.0,10
6295,343800,Camilla,Pablo,VOLCANIC_ROCK_VOUCHER_10500,SEASHELLS,3.0,15
6317,345500,Camilla,Caesar,VOLCANIC_ROCK_VOUCHER_10500,SEASHELLS,3.0,14
6328,345700,Camilla,Caesar,VOLCANIC_ROCK_VOUCHER_10500,SEASHELLS,3.0,19
6329,345700,Caesar,Caesar,VOLCANIC_ROCK_VOUCHER_10500,SEASHELLS,3.0,1
6363,347700,Camilla,Caesar,VOLCANIC_ROCK_VOUCHER_10500,SEASHELLS,3.0,10
6372,348200,Camilla,Caesar,VOLCANIC_ROCK_VOUCHER_10500,SEASHELLS,3.0,13
6394,349400,Camilla,Caesar,VOLCANIC_ROCK_VOUCHER_10500,SEASHELLS,2.0,16
6411,349900,Camilla,Caesar,VOLCANIC_ROCK_VOUCHER_10500,SEASHELLS,3.0,18
6412,349900,Caesar,Caesar,VOLCANIC_ROCK_VOUCHER_10500,SEASHELLS,3.0,1
6420,350000,Camilla,Caesar,VOLCANIC_ROCK_VOUCHER_10500,SEASHELLS,3.0,11
6438,350800,Camilla,Pablo,VOLCANIC_ROCK_VOUCHER_10500,SEASHELLS,3.0,14
6439,350800,Caesar,Pablo,VOLCANIC_ROCK_VOUCHER_10500,SEASHELLS,3.0,1
6482,353400,Penelope,Camilla,VOLCANIC_ROCK_VOUCHER_10500,SEASHELLS,3.0,17
6483,353400,Penelope,Caesar,VOLCANIC_ROCK_VOUCHER_10500,SEASHELLS,3.0,2
6495,353800,Camilla,Caesar,VOLCANIC_ROCK_VOUCHER_10500,SEASHELLS,3.0,11
6496,353800,Caesar,Caesar,VOLCANIC_ROCK_VOUCHER_10500,SEASHELLS,3.0,1
6510,354000,Camilla,Caesar,VOLCANIC_ROCK_VOUCHER_10500,SEASHELLS,3.0,10
6511,354000,Caesar,Caesar,VOLCANIC_ROCK_VOUCHER_10500,SEASHELLS,3.0,1
6528,354200,Camilla,Pablo,VOLCANIC_ROCK_VOUCHER_10500,SEASHELLS,3.0,13
6559,355500,Camilla,Caesar,VOLCANIC_ROCK_VOUCHER_10500,SEASHELLS,3.0,17
6560,355500,Caesar,Caesar,VOLCANIC_ROCK_VOUCHER_10500,SEASHELLS,3.0,1
6572,355800,Camilla,Pablo,VOLCANIC_ROCK_VOUCHER_10500,SEASHELLS,3.0,9
6585,356500,Camilla,Caesar,VOLCANIC_ROCK_VOUCHER_10500,SEASHELLS,3.0,10
6598,356900,Camilla,Caesar,VOLCANIC_ROCK_VOUCHER_10500,SEASHELLS,3.0,14
6605,357200,Camilla,Caesar,VOLCANIC_ROCK_VOUCHER_10500,SEASHELLS,3.0,11
6629,358500,Camilla,Pablo,VOLCANIC_ROCK_VOUCHER_10500,SEASHELLS,2.0,12
6635,358600,Camilla,Pablo,VOLCANIC_ROCK_VOUCHER_10500,SEASHELLS,2.0,13
6644,358700,Camilla,Caesar,VOLCANIC_ROCK_VOUCHER_10500,SEASHELLS,2.0,11
6645,358700,Caesar,Caesar,VOLCANIC_ROCK_VOUCHER_10500,SEASHELLS,2.0,1
6685,360500,Camilla,Caesar,VOLCANIC_ROCK_VOUCHER_10500,SEASHELLS,2.0,10
6714,362500,Camilla,Caesar,VOLCANIC_ROCK_VOUCHER_10500,SEASHELLS,2.0,12
6715,362500,Caesar,Caesar,VOLCANIC_ROCK_VOUCHER_10500,SEASHELLS,2.0,2
6749,363300,Camilla,Caesar,VOLCANIC_ROCK_VOUCHER_10500,SEASHELLS,2.0,12
6855,367900,Camilla,Caesar,VOLCANIC_ROCK_VOUCHER_10500,SEASHELLS,2.0,11
6863,368200,Camilla,Caesar,VOLCANIC_ROCK_VOUCHER_10500,SEASHELLS,2.0,12
6905,370800,Camilla,Caesar,VOLCANIC_ROCK_VOUCHER_10500,SEASHELLS,2.0,11
6922,371700,Camilla,Caesar,VOLCANIC_ROCK_VOUCHER_10500,SEASHELLS,2.0,19
6923,371700,Caesar,Caesar,VOLCANIC_ROCK_VOUCHER_10500,SEASHELLS,2.0,1
6941,372300,Camilla,Caesar,VOLCANIC_ROCK_VOUCHER_10500,SEASHELLS,2.0,17
6949,372700,Camilla,Caesar,VOLCANIC_ROCK_VOUCHER_10500,SEASHELLS,2.0,10
6973,373800,Camilla,Caesar,VOLCANIC_ROCK_VOUCHER_10500,SEASHELLS,2.0,17
6993,375100,Camilla,Caesar,VOLCANIC_ROCK_VOUCHER_10500,SEASHELLS,2.0,11
7034,377400,Camilla,Caesar,VOLCANIC_ROCK_VOUCHER_10500,SEASHELLS,2.0,16
7035,377400,Caesar,Caesar,VOLCANIC_ROCK_VOUCHER_10500,SEASHELLS,2.0,1
7042,377600,Camilla,Caesar,VOLCANIC_ROCK_VOUCHER_10500,SEASHELLS,2.0,13
7070,379100,Camilla,Caesar,VOLCANIC_ROCK_VOUCHER_10500,SEASHELLS,2.0,13
7071,379100,Caesar,Caesar,VOLCANIC_ROCK_VOUCHER_10500,SEASHELLS,2.0,1
7097,381000,Camilla,Caesar,VOLCANIC_ROCK_VOUCHER_10500,SEASHELLS,2.0,18
7098,381000,Caesar,Caesar,VOLCANIC_ROCK_VOUCHER_10500,SEASHELLS,2.0,1
7129,382900,Camilla,Caesar,VOLCANIC_ROCK_VOUCHER_10500,SEASHELLS,2.0,13
7134,383000,Camilla,Caesar,VOLCANIC_ROCK_VOUCHER_10500,SEASHELLS,2.0,19
7155,383800,Camilla,Caesar,VOLCANIC_ROCK_VOUCHER_10500,SEASHELLS,2.0,17
7168,384700,Camilla,Caesar,VOLCANIC_ROCK_VOUCHER_10500,SEASHELLS,2.0,12
7174,385100,Camilla,Caesar,VOLCANIC_ROCK_VOUCHER_10500,SEASHELLS,2.0,12
7187,385600,Camilla,Caesar,VOLCANIC_ROCK_VOUCHER_10500,SEASHELLS,2.0,12
7188,385600,Caesar,Caesar,VOLCANIC_ROCK_VOUCHER_10500,SEASHELLS,2.0,1
7226,387100,Camilla,Caesar,VOLCANIC_ROCK_VOUCHER_10500,SEASHELLS,2.0,10
7227,387100,Caesar,Caesar,VOLCANIC_ROCK_VOUCHER_10500,SEASHELLS,2.0,2
7245,387700,Camilla,Caesar,VOLCANIC_ROCK_VOUCHER_10500,SEASHELLS,2.0,16
7281,389600,Camilla,Pablo,VOLCANIC_ROCK_VOUCHER_10500,SEASHELLS,2.0,6
7325,392800,Camilla,Caesar,VOLCANIC_ROCK_VOUCHER_10500,SEASHELLS,2.0,15
7326,392800,Caesar,Caesar,VOLCANIC_ROCK_VOUCHER_10500,SEASHELLS,2.0,1
7338,393000,Camilla,Pablo,VOLCANIC_ROCK_VOUCHER_10500,SEASHELLS,2.0,11
7345,393100,Camilla,Pablo,VOLCANIC_ROCK_VOUCHER_10500,SEASHELLS,2.0,10
7369,394300,Camilla,Caesar,VOLCANIC_ROCK_VOUCHER_10500,SEASHELLS,2.0,17
7450,399200,Camilla,Pablo,VOLCANIC_ROCK_VOUCHER_10500,SEASHELLS,2.0,10
7489,401300,Camilla,Caesar,VOLCANIC_ROCK_VOUCHER_10500,SEASHELLS,2.0,12
7490,401300,Caesar,Caesar,VOLCANIC_ROCK_VOUCHER_10500,SEASHELLS,2.0,1
7499,401500,Camilla,Caesar,VOLCANIC_ROCK_VOUCHER_10500,SEASHELLS,2.0,12
7514,402000,Camilla,Caesar,VOLCANIC_ROCK_VOUCHER_10500,SEASHELLS,2.0,14
7529,402400,Camilla,Caesar,VOLCANIC_ROCK_VOUCHER_10500,SEASHELLS,2.0,12
7564,404400,Camilla,Caesar,VOLCANIC_ROCK_VOUCHER_10500,SEASHELLS,2.0,15
7588,405200,Camilla,Caesar,VOLCANIC_ROCK_VOUCHER_10500,SEASHELLS,2.0,13
7611,407100,Camilla,Caesar,VOLCANIC_ROCK_VOUCHER_10500,SEASHELLS,2.0,13
7662,410500,Camilla,Caesar,VOLCANIC_ROCK_VOUCHER_10500,SEASHELLS,1.0,15
7743,414400,Camilla,Caesar,VOLCANIC_ROCK_VOUCHER_10500,SEASHELLS,1.0,10
7744,414400,Caesar,Caesar,VOLCANIC_ROCK_VOUCHER_10500,SEASHELLS,1.0,2
7754,414600,Camilla,Caesar,VOLCANIC_ROCK_VOUCHER_10500,SEASHELLS,1.0,20
7768,415600,Camilla,Caesar,VOLCANIC_ROCK_VOUCHER_10500,SEASHELLS,1.0,11
7813,418300,Camilla,Caesar,VOLCANIC_ROCK_VOUCHER_10500,SEASHELLS,1.0,10
7869,421900,Camilla,Pablo,VOLCANIC_ROCK_VOUCHER_10500,SEASHELLS,1.0,13
7880,422400,Camilla,Pablo,VOLCANIC_ROCK_VOUCHER_10500,SEASHELLS,1.0,12
7964,426600,Camilla,Caesar,VOLCANIC_ROCK_VOUCHER_10500,SEASHELLS,2.0,12
7965,426600,Caesar,Caesar,VOLCANIC_ROCK_VOUCHER_10500,SEASHELLS,2.0,1
7988,427800,Camilla,Caesar,VOLCANIC_ROCK_VOUCHER_10500,SEASHELLS,2.0,11
8015,429500,Camilla,Caesar,VOLCANIC_ROCK_VOUCHER_10500,SEASHELLS,1.0,17
8041,431700,Camilla,Penelope,VOLCANIC_ROCK_VOUCHER_10500,SEASHELLS,2.0,12
8065,432900,Camilla,Caesar,VOLCANIC_ROCK_VOUCHER_10500,SEASHELLS,1.0,14
8090,434800,Camilla,Caesar,VOLCANIC_ROCK_VOUCHER_10500,SEASHELLS,1.0,11
8098,435200,Camilla,Caesar,VOLCANIC_ROCK_VOUCHER_10500,SEASHELLS,1.0,10
8109,435600,Camilla,Caesar,VOLCANIC_ROCK_VOUCHER_10500,SEASHELLS,1.0,13
8118,435700,Camilla,Caesar,VOLCANIC_ROCK_VOUCHER_10500,SEASHELLS,1.0,18
8139,436500,Camilla,Caesar,VOLCANIC_ROCK_VOUCHER_10500,SEASHELLS,1.0,13
8140,436500,Caesar,Caesar,VOLCANIC_ROCK_VOUCHER_10500,SEASHELLS,1.0,1
8194,439400,Camilla,Caesar,VOLCANIC_ROCK_VOUCHER_10500,SEASHELLS,1.0,12
8209,440500,Camilla,Caesar,VOLCANIC_ROCK_VOUCHER_10500,SEASHELLS,1.0,11
8230,441600,Camilla,Caesar,VOLCANIC_ROCK_VOUCHER_10500,SEASHELLS,1.0,14
8231,441600,Caesar,Caesar,VOLCANIC_ROCK_VOUCHER_10500,SEASHELLS,1.0,1
8242,442000,Camilla,Caesar,VOLCANIC_ROCK_VOUCHER_10500,SEASHELLS,2.0,17
8243,442000,Caesar,Caesar,VOLCANIC_ROCK_VOUCHER_10500,SEASHELLS,2.0,2
8250,442100,Camilla,Caesar,VOLCANIC_ROCK_VOUCHER_10500,SEASHELLS,2.0,13
8259,442900,Camilla,Pablo,VOLCANIC_ROCK_VOUCHER_10500,SEASHELLS,2.0,10
8278,443700,Camilla,Caesar,VOLCANIC_ROCK_VOUCHER_10500,SEASHELLS,2.0,11
8302,444600,Camilla,Caesar,VOLCANIC_ROCK_VOUCHER_10500,SEASHELLS,2.0,10
8303,444600,Caesar,Caesar,VOLCANIC_ROCK_VOUCHER_10500,SEASHELLS,2.0,2
8319,445000,Camilla,Caesar,VOLCANIC_ROCK_VOUCHER_10500,SEASHELLS,2.0,11
8330,445500,Camilla,Caesar,VOLCANIC_ROCK_VOUCHER_10500,SEASHELLS,2.0,11
8345,446800,Camilla,Pablo,VOLCANIC_ROCK_VOUCHER_10500,SEASHELLS,2.0,8
8371,448300,Camilla,Caesar,VOLCANIC_ROCK_VOUCHER_10500,SEASHELLS,2.0,10
8385,449100,Camilla,Caesar,VOLCANIC_ROCK_VOUCHER_10500,SEASHELLS,2.0,17
8394,449600,Camilla,Caesar,VOLCANIC_ROCK_VOUCHER_10500,SEASHELLS,2.0,12
8395,449600,Caesar,Caesar,VOLCANIC_ROCK_VOUCHER_10500,SEASHELLS,2.0,2
8410,449900,Camilla,Caesar,VOLCANIC_ROCK_VOUCHER_10500,SEASHELLS,2.0,15
8411,449900,Caesar,Caesar,VOLCANIC_ROCK_VOUCHER_10500,SEASHELLS,2.0,2
8422,450400,Camilla,Caesar,VOLCANIC_ROCK_VOUCHER_10500,SEASHELLS,2.0,11
8423,450400,Caesar,Caesar,VOLCANIC_ROCK_VOUCHER_10500,SEASHELLS,2.0,1
8449,451700,Camilla,Caesar,VOLCANIC_ROCK_VOUCHER_10500,SEASHELLS,2.0,13
8454,451800,Camilla,Caesar,VOLCANIC_ROCK_VOUCHER_10500,SEASHELLS,2.0,13
8484,453900,Camilla,Pablo,VOLCANIC_ROCK_VOUCHER_10500,SEASHELLS,2.0,11
8485,453900,Caesar,Pablo,VOLCANIC_ROCK_VOUCHER_10500,SEASHELLS,2.0,1
8518,456300,Camilla,Pablo,VOLCANIC_ROCK_VOUCHER_10500,SEASHELLS,2.0,13
8519,456300,Caesar,Pablo,VOLCANIC_ROCK_VOUCHER_10500,SEASHELLS,2.0,2
8529,456800,Camilla,Caesar,VOLCANIC_ROCK_VOUCHER_10500,SEASHELLS,2.0,10
8567,458500,Camilla,Caesar,VOLCANIC_ROCK_VOUCHER_10500,SEASHELLS,2.0,19
8568,458500,Caesar,Caesar,VOLCANIC_ROCK_VOUCHER_10500,SEASHELLS,2.0,1
8585,459100,Camilla,Caesar,VOLCANIC_ROCK_VOUCHER_10500,SEASHELLS,2.0,16
8630,461600,Camilla,Caesar,VOLCANIC_ROCK_VOUCHER_10500,SEASHELLS,2.0,16
8665,463700,Camilla,Pablo,VOLCANIC_ROCK_VOUCHER_10500,SEASHELLS,2.0,8
8690,465400,Camilla,Pablo,VOLCANIC_ROCK_VOUCHER_10500,SEASHELLS,2.0,13
8731,467600,Camilla,Caesar,VOLCANIC_ROCK_VOUCHER_10500,SEASHELLS,2.0,12
8732,467600,Caesar,Caesar,VOLCANIC_ROCK_VOUCHER_10500,SEASHELLS,2.0,2
8741,467800,Camilla,Caesar,VOLCANIC_ROCK_VOUCHER_10500,SEASHELLS,2.0,13
8751,468100,Camilla,Caesar,VOLCANIC_ROCK_VOUCHER_10500,SEASHELLS,2.0,14
8752,468100,Caesar,Caesar,VOLCANIC_ROCK_VOUCHER_10500,SEASHELLS,2.0,2
8789,470000,Camilla,Caesar,VOLCANIC_ROCK_VOUCHER_10500,SEASHELLS,2.0,12
8790,470000,Caesar,Caesar,VOLCANIC_ROCK_VOUCHER_10500,SEASHELLS,2.0,1
8798,470300,Camilla,Pablo,VOLCANIC_ROCK_VOUCHER_10500,SEASHELLS,2.0,6
8807,470700,Camilla,Caesar,VOLCANIC_ROCK_VOUCHER_10500,SEASHELLS,3.0,11
8819,471000,Camilla,Caesar,VOLCANIC_ROCK_VOUCHER_10500,SEASHELLS,2.0,10
8839,472000,Camilla,Caesar,VOLCANIC_ROCK_VOUCHER_10500,SEASHELLS,2.0,10
8862,473100,Camilla,Caesar,VOLCANIC_ROCK_VOUCHER_10500,SEASHELLS,2.0,11
8876,473800,Camilla,Pablo,VOLCANIC_ROCK_VOUCHER_10500,SEASHELLS,2.0,15
8946,477100,Camilla,Caesar,VOLCANIC_ROCK_VOUCHER_10500,SEASHELLS,2.0,14
8947,477100,Caesar,Caesar,VOLCANIC_ROCK_VOUCHER_10500,SEASHELLS,2.0,1
8963,477700,Camilla,Caesar,VOLCANIC_ROCK_VOUCHER_10500,SEASHELLS,2.0,10
8977,478200,Camilla,Caesar,VOLCANIC_ROCK_VOUCHER_10500,SEASHELLS,2.0,12
8997,479000,Camilla,Caesar,VOLCANIC_ROCK_VOUCHER_10500,SEASHELLS,2.0,13
8998,479000,Caesar,Caesar,VOLCANIC_ROCK_VOUCHER_10500,SEASHELLS,2.0,2
9020,480300,Camilla,Caesar,VOLCANIC_ROCK_VOUCHER_10500,SEASHELLS,2.0,17
9028,480700,Camilla,Caesar,VOLCANIC_ROCK_VOUCHER_10500,SEASHELLS,2.0,12
9029,480700,Caesar,Caesar,VOLCANIC_ROCK_VOUCHER_10500,SEASHELLS,2.0,1
9087,483800,Camilla,Caesar,VOLCANIC_ROCK_VOUCHER_10500,SEASHELLS,2.0,12
9115,485300,Camilla,Caesar,VOLCANIC_ROCK_VOUCHER_10500,SEASHELLS,2.0,11
9116,485300,Caesar,Caesar,VOLCANIC_ROCK_VOUCHER_10500,SEASHELLS,2.0,1
9132,486100,Camilla,Caesar,VOLCANIC_ROCK_VOUCHER_10500,SEASHELLS,2.0,10
9178,489400,Camilla,Caesar,VOLCANIC_ROCK_VOUCHER_10500,SEASHELLS,2.0,11
9224,492200,Camilla,Caesar,VOLCANIC_ROCK_VOUCHER_10500,SEASHELLS,3.0,11
9225,492200,Caesar,Caesar,VOLCANIC_ROCK_VOUCHER_10500,SEASHELLS,3.0,2
9240,492900,Camilla,Pablo,VOLCANIC_ROCK_VOUCHER_10500,SEASHELLS,3.0,14
9277,494700,Camilla,Pablo,VOLCANIC_ROCK_VOUCHER_10500,SEASHELLS,3.0,7
9298,495800,Camilla,Caesar,VOLCANIC_ROCK_VOUCHER_10500,SEASHELLS,3.0,12
9299,495800,Caesar,Caesar,VOLCANIC_ROCK_VOUCHER_10500,SEASHELLS,3.0,2
9313,496100,Camilla,Caesar,VOLCANIC_ROCK_VOUCHER_10500,SEASHELLS,3.0,13
9354,498000,Camilla,Caesar,VOLCANIC_ROCK_VOUCHER_10500,SEASHELLS,3.0,10
9371,498600,Camilla,Pablo,VOLCANIC_ROCK_VOUCHER_10500,SEASHELLS,2.0,14
9398,500500,Camilla,Caesar,VOLCANIC_ROCK_VOUCHER_10500,SEASHELLS,2.0,12
9399,500500,Caesar,Caesar,VOLCANIC_ROCK_VOUCHER_10500,SEASHELLS,2.0,2
9432,502300,Camilla,Caesar,VOLCANIC_ROCK_VOUCHER_10500,SEASHELLS,3.0,16
9433,502300,Caesar,Caesar,VOLCANIC_ROCK_VOUCHER_10500,SEASHELLS,3.0,2
9447,502600,Camilla,Caesar,VOLCANIC_ROCK_VOUCHER_10500,SEASHELLS,3.0,12
9448,502600,Caesar,Caesar,VOLCANIC_ROCK_VOUCHER_10500,SEASHELLS,3.0,2
9475,504300,Camilla,Caesar,VOLCANIC_ROCK_VOUCHER_10500,SEASHELLS,3.0,11
9507,505900,Camilla,Caesar,VOLCANIC_ROCK_VOUCHER_10500,SEASHELLS,3.0,15
9541,508100,Camilla,Pablo,VOLCANIC_ROCK_VOUCHER_10500,SEASHELLS,3.0,7
9596,511100,Camilla,Caesar,VOLCANIC_ROCK_VOUCHER_10500,SEASHELLS,2.0,11
9620,512800,Camilla,Caesar,VOLCANIC_ROCK_VOUCHER_10500,SEASHELLS,3.0,10
9621,512800,Caesar,Caesar,VOLCANIC_ROCK_VOUCHER_10500,SEASHELLS,3.0,2
9656,515100,Camilla,Pablo,VOLCANIC_ROCK_VOUCHER_10500,SEASHELLS,3.0,10
9676,516500,Camilla,Caesar,VOLCANIC_ROCK_VOUCHER_10500,SEASHELLS,3.0,12
9723,519300,Camilla,Caesar,VOLCANIC_ROCK_VOUCHER_10500,SEASHELLS,3.0,16
9724,519300,Caesar,Caesar,VOLCANIC_ROCK_VOUCHER_10500,SEASHELLS,3.0,2
9799,523200,Camilla,Caesar,VOLCANIC_ROCK_VOUCHER_10500,SEASHELLS,4.0,14
9813,523900,Camilla,Caesar,VOLCANIC_ROCK_VOUCHER_10500,SEASHELLS,3.0,14
9861,527300,Camilla,Caesar,VOLCANIC_ROCK_VOUCHER_10500,SEASHELLS,3.0,18
9862,527300,Caesar,Caesar,VOLCANIC_ROCK_VOUCHER_10500,SEASHELLS,3.0,1
9891,529100,Camilla,Caesar,VOLCANIC_ROCK_VOUCHER_10500,SEASHELLS,3.0,10
9989,535700,Camilla,Caesar,VOLCANIC_ROCK_VOUCHER_10500,SEASHELLS,4.0,16
9990,535700,Caesar,Caesar,VOLCANIC_ROCK_VOUCHER_10500,SEASHELLS,4.0,1
10032,537400,Camilla,Caesar,VOLCANIC_ROCK_VOUCHER_10500,SEASHELLS,3.0,13
10033,537400,Caesar,Caesar,VOLCANIC_ROCK_VOUCHER_10500,SEASHELLS,3.0,1
10049,538400,Camilla,Caesar,VOLCANIC_ROCK_VOUCHER_10500,SEASHELLS,3.0,14
10057,538800,Camilla,Caesar,VOLCANIC_ROCK_VOUCHER_10500,SEASHELLS,3.0,15
10091,541100,Camilla,Caesar,VOLCANIC_ROCK_VOUCHER_10500,SEASHELLS,3.0,18
10092,541100,Caesar,Caesar,VOLCANIC_ROCK_VOUCHER_10500,SEASHELLS,3.0,1
10153,544300,Camilla,Pablo,VOLCANIC_ROCK_VOUCHER_10500,SEASHELLS,3.0,11
10246,550300,Camilla,Caesar,VOLCANIC_ROCK_VOUCHER_10500,SEASHELLS,2.0,15
10288,552600,Camilla,Caesar,VOLCANIC_ROCK_VOUCHER_10500,SEASHELLS,2.0,11
10350,556500,Camilla,Caesar,VOLCANIC_ROCK_VOUCHER_10500,SEASHELLS,2.0,17
10351,556500,Caesar,Caesar,VOLCANIC_ROCK_VOUCHER_10500,SEASHELLS,2.0,2
10377,557600,Camilla,Caesar,VOLCANIC_ROCK_VOUCHER_10500,SEASHELLS,3.0,10
10401,558700,Camilla,Caesar,VOLCANIC_ROCK_VOUCHER_10500,SEASHELLS,2.0,10
10453,563900,Camilla,Caesar,VOLCANIC_ROCK_VOUCHER_10500,SEASHELLS,2.0,16
10468,564500,Camilla,Caesar,VOLCANIC_ROCK_VOUCHER_10500,SEASHELLS,2.0,11
10521,567100,Camilla,Pablo,VOLCANIC_ROCK_VOUCHER_10500,SEASHELLS,2.0,9
10539,568200,Camilla,Caesar,VOLCANIC_ROCK_VOUCHER_10500,SEASHELLS,2.0,12
10566,570100,Camilla,Caesar,VOLCANIC_ROCK_VOUCHER_10500,SEASHELLS,3.0,11
10581,571200,Camilla,Pablo,VOLCANIC_ROCK_VOUCHER_10500,SEASHELLS,3.0,10
10679,577200,Camilla,Caesar,VOLCANIC_ROCK_VOUCHER_10500,SEASHELLS,3.0,12
10680,577200,Caesar,Caesar,VOLCANIC_ROCK_VOUCHER_10500,SEASHELLS,3.0,1
10720,579400,Camilla,Caesar,VOLCANIC_ROCK_VOUCHER_10500,SEASHELLS,2.0,19
10748,580400,Camilla,Caesar,VOLCANIC_ROCK_VOUCHER_10500,SEASHELLS,2.0,13
10749,580400,Caesar,Caesar,VOLCANIC_ROCK_VOUCHER_10500,SEASHELLS,2.0,2
10772,582300,Camilla,Caesar,VOLCANIC_ROCK_VOUCHER_10500,SEASHELLS,2.0,18
10798,584600,Camilla,Caesar,VOLCANIC_ROCK_VOUCHER_10500,SEASHELLS,2.0,10
10799,584600,Caesar,Caesar,VOLCANIC_ROCK_VOUCHER_10500,SEASHELLS,2.0,1
10811,585000,Camilla,Caesar,VOLCANIC_ROCK_VOUCHER_10500,SEASHELLS,2.0,11
10812,585000,Caesar,Caesar,VOLCANIC_ROCK_VOUCHER_10500,SEASHELLS,2.0,2
10829,585700,Camilla,Caesar,VOLCANIC_ROCK_VOUCHER_10500,SEASHELLS,2.0,11
10852,587200,Camilla,Caesar,VOLCANIC_ROCK_VOUCHER_10500,SEASHELLS,2.0,10
10868,588100,Camilla,Caesar,VOLCANIC_ROCK_VOUCHER_10500,SEASHELLS,2.0,19
10892,589100,Camilla,Caesar,VOLCANIC_ROCK_VOUCHER_10500,SEASHELLS,2.0,15
10893,589100,Caesar,Caesar,VOLCANIC_ROCK_VOUCHER_10500,SEASHELLS,2.0,1
10903,589800,Camilla,Caesar,VOLCANIC_ROCK_VOUCHER_10500,SEASHELLS,2.0,15
10922,590400,Camilla,Caesar,VOLCANIC_ROCK_VOUCHER_10500,SEASHELLS,2.0,15
10923,590400,Caesar,Caesar,VOLCANIC_ROCK_VOUCHER_10500,SEASHELLS,2.0,1
10981,593000,Camilla,Caesar,VOLCANIC_ROCK_VOUCHER_10500,SEASHELLS,3.0,10
11002,593800,Camilla,Caesar,VOLCANIC_ROCK_VOUCHER_10500,SEASHELLS,3.0,11
11003,593800,Caesar,Caesar,VOLCANIC_ROCK_VOUCHER_10500,SEASHELLS,3.0,1
11091,601000,Camilla,Caesar,VOLCANIC_ROCK_VOUCHER_10500,SEASHELLS,2.0,14
11092,601000,Caesar,Caesar,VOLCANIC_ROCK_VOUCHER_10500,SEASHELLS,2.0,2
11102,601500,Camilla,Caesar,VOLCANIC_ROCK_VOUCHER_10500,SEASHELLS,2.0,19
11124,602500,Camilla,Caesar,VOLCANIC_ROCK_VOUCHER_10500,SEASHELLS,2.0,13
11135,602800,Camilla,Caesar,VOLCANIC_ROCK_VOUCHER_10500,SEASHELLS,2.0,13
11161,604000,Camilla,Caesar,VOLCANIC_ROCK_VOUCHER_10500,SEASHELLS,3.0,14
11190,605300,Camilla,Caesar,VOLCANIC_ROCK_VOUCHER_10500,SEASHELLS,3.0,10
11191,605300,Caesar,Caesar,VOLCANIC_ROCK_VOUCHER_10500,SEASHELLS,3.0,2
11207,606000,Camilla,Pablo,VOLCANIC_ROCK_VOUCHER_10500,SEASHELLS,3.0,10
11239,608100,Camilla,Caesar,VOLCANIC_ROCK_VOUCHER_10500,SEASHELLS,3.0,13
11284,610400,Camilla,Caesar,VOLCANIC_ROCK_VOUCHER_10500,SEASHELLS,3.0,11
11294,611300,Camilla,Caesar,VOLCANIC_ROCK_VOUCHER_10500,SEASHELLS,4.0,17
11308,612500,Camilla,Caesar,VOLCANIC_ROCK_VOUCHER_10500,SEASHELLS,3.0,11
11309,612500,Caesar,Caesar,VOLCANIC_ROCK_VOUCHER_10500,SEASHELLS,3.0,1
11320,612700,Camilla,Caesar,VOLCANIC_ROCK_VOUCHER_10500,SEASHELLS,3.0,13
11388,616600,Camilla,Pablo,VOLCANIC_ROCK_VOUCHER_10500,SEASHELLS,5.0,12
11428,618800,Penelope,Camilla,VOLCANIC_ROCK_VOUCHER_10500,SEASHELLS,5.0,13
11437,619300,Camilla,Caesar,VOLCANIC_ROCK_VOUCHER_10500,SEASHELLS,4.0,16
11447,619500,Camilla,Caesar,VOLCANIC_ROCK_VOUCHER_10500,SEASHELLS,4.0,15
11448,619500,Caesar,Caesar,VOLCANIC_ROCK_VOUCHER_10500,SEASHELLS,4.0,2
11475,621300,Camilla,Caesar,VOLCANIC_ROCK_VOUCHER_10500,SEASHELLS,4.0,10
11492,622100,Camilla,Caesar,VOLCANIC_ROCK_VOUCHER_10500,SEASHELLS,4.0,12
11526,623900,Camilla,Caesar,VOLCANIC_ROCK_VOUCHER_10500,SEASHELLS,5.0,13
11544,624200,Camilla,Caesar,VOLCANIC_ROCK_VOUCHER_10500,SEASHELLS,5.0,15
11545,624200,Caesar,Caesar,VOLCANIC_ROCK_VOUCHER_10500,SEASHELLS,5.0,1
11565,625400,Camilla,Caesar,VOLCANIC_ROCK_VOUCHER_10500,SEASHELLS,4.0,14
11573,625600,Camilla,Caesar,VOLCANIC_ROCK_VOUCHER_10500,SEASHELLS,4.0,17
11574,625600,Caesar,Caesar,VOLCANIC_ROCK_VOUCHER_10500,SEASHELLS,4.0,2
11612,628400,Camilla,Caesar,VOLCANIC_ROCK_VOUCHER_10500,SEASHELLS,5.0,11
11627,629100,Camilla,Caesar,VOLCANIC_ROCK_VOUCHER_10500,SEASHELLS,5.0,11
11644,629800,Camilla,Caesar,VOLCANIC_ROCK_VOUCHER_10500,SEASHELLS,5.0,15
11708,634900,Camilla,Caesar,VOLCANIC_ROCK_VOUCHER_10500,SEASHELLS,6.0,10
11709,634900,Caesar,Caesar,VOLCANIC_ROCK_VOUCHER_10500,SEASHELLS,6.0,1
11759,637500,Camilla,Pablo,VOLCANIC_ROCK_VOUCHER_10500,SEASHELLS,5.0,5
11764,637600,Camilla,Caesar,VOLCANIC_ROCK_VOUCHER_10500,SEASHELLS,5.0,17
11774,638300,Camilla,Pablo,VOLCANIC_ROCK_VOUCHER_10500,SEASHELLS,4.0,5
11850,643400,Camilla,Caesar,VOLCANIC_ROCK_VOUCHER_10500,SEASHELLS,4.0,12
11891,645500,Camilla,Caesar,VOLCANIC_ROCK_VOUCHER_10500,SEASHELLS,4.0,12
11892,645500,Caesar,Caesar,VOLCANIC_ROCK_VOUCHER_10500,SEASHELLS,4.0,1
11906,646300,Camilla,Caesar,VOLCANIC_ROCK_VOUCHER_10500,SEASHELLS,5.0,12
11917,647300,Camilla,Caesar,VOLCANIC_ROCK_VOUCHER_10500,SEASHELLS,5.0,17
11959,650000,Camilla,Caesar,VOLCANIC_ROCK_VOUCHER_10500,SEASHELLS,4.0,12
11994,652300,Camilla,Pablo,VOLCANIC_ROCK_VOUCHER_10500,SEASHELLS,6.0,10
12044,654900,Camilla,Caesar,VOLCANIC_ROCK_VOUCHER_10500,SEASHELLS,5.0,11
12080,656700,Camilla,Caesar,VOLCANIC_ROCK_VOUCHER_10500,SEASHELLS,4.0,15
12109,658600,Camilla,Caesar,VOLCANIC_ROCK_VOUCHER_10500,SEASHELLS,5.0,11
12110,658600,Caesar,Caesar,VOLCANIC_ROCK_VOUCHER_10500,SEASHELLS,5.0,1
12129,660200,Camilla,Caesar,VOLCANIC_ROCK_VOUCHER_10500,SEASHELLS,5.0,15
12137,660500,Camilla,Caesar,VOLCANIC_ROCK_VOUCHER_10500,SEASHELLS,5.0,14
12162,661500,Camilla,Caesar,VOLCANIC_ROCK_VOUCHER_10500,SEASHELLS,4.0,12
12163,661500,Caesar,Caesar,VOLCANIC_ROCK_VOUCHER_10500,SEASHELLS,4.0,1
12206,664600,Camilla,Pablo,VOLCANIC_ROCK_VOUCHER_10500,SEASHELLS,7.0,9
12236,666100,Camilla,Caesar,VOLCANIC_ROCK_VOUCHER_10500,SEASHELLS,7.0,13
12237,666100,Caesar,Caesar,VOLCANIC_ROCK_VOUCHER_10500,SEASHELLS,7.0,2
12252,666500,Camilla,Penelope,VOLCANIC_ROCK_VOUCHER_10500,SEASHELLS,7.0,10
12253,666500,Caesar,Penelope,VOLCANIC_ROCK_VOUCHER_10500,SEASHELLS,7.0,2
12254,666500,Caesar,Penelope,VOLCANIC_ROCK_VOUCHER_10500,SEASHELLS,7.0,6
12283,667100,Camilla,Caesar,VOLCANIC_ROCK_VOUCHER_10500,SEASHELLS,6.0,12
12284,667100,Caesar,Caesar,VOLCANIC_ROCK_VOUCHER_10500,SEASHELLS,6.0,1
12295,667400,Camilla,Caesar,VOLCANIC_ROCK_VOUCHER_10500,SEASHELLS,6.0,15
12296,667400,Caesar,Caesar,VOLCANIC_ROCK_VOUCHER_10500,SEASHELLS,6.0,1
12416,675700,Camilla,Caesar,VOLCANIC_ROCK_VOUCHER_10500,SEASHELLS,6.0,10
12417,675700,Caesar,Caesar,VOLCANIC_ROCK_VOUCHER_10500,SEASHELLS,6.0,1
12437,676500,Camilla,Caesar,VOLCANIC_ROCK_VOUCHER_10500,SEASHELLS,6.0,19
12524,681400,Camilla,Caesar,VOLCANIC_ROCK_VOUCHER_10500,SEASHELLS,6.0,13
12535,681700,Camilla,Caesar,VOLCANIC_ROCK_VOUCHER_10500,SEASHELLS,6.0,14
12569,683600,Camilla,Caesar,VOLCANIC_ROCK_VOUCHER_10500,SEASHELLS,7.0,19
12584,684600,Camilla,Caesar,VOLCANIC_ROCK_VOUCHER_10500,SEASHELLS,7.0,16
12619,686400,Camilla,Caesar,VOLCANIC_ROCK_VOUCHER_10500,SEASHELLS,7.0,11
12691,691000,Camilla,Caesar,VOLCANIC_ROCK_VOUCHER_10500,SEASHELLS,8.0,11
12699,691100,Camilla,Caesar,VOLCANIC_ROCK_VOUCHER_10500,SEASHELLS,8.0,17
12700,691100,Caesar,Caesar,VOLCANIC_ROCK_VOUCHER_10500,SEASHELLS,8.0,1
12739,692700,Camilla,Caesar,VOLCANIC_ROCK_VOUCHER_10500,SEASHELLS,7.0,14
12753,693200,Camilla,Caesar,VOLCANIC_ROCK_VOUCHER_10500,SEASHELLS,7.0,13
12774,693900,Camilla,Caesar,VOLCANIC_ROCK_VOUCHER_10500,SEASHELLS,6.0,10
12775,693900,Caesar,Caesar,VOLCANIC_ROCK_VOUCHER_10500,SEASHELLS,6.0,1
12788,694100,Camilla,Caesar,VOLCANIC_ROCK_VOUCHER_10500,SEASHELLS,6.0,11
12789,694100,Caesar,Caesar,VOLCANIC_ROCK_VOUCHER_10500,SEASHELLS,6.0,1
12825,697100,Camilla,Caesar,VOLCANIC_ROCK_VOUCHER_10500,SEASHELLS,6.0,13
12839,698300,Camilla,Caesar,VOLCANIC_ROCK_VOUCHER_10500,SEASHELLS,6.0,14
12881,700700,Camilla,Caesar,VOLCANIC_ROCK_VOUCHER_10500,SEASHELLS,6.0,10
12882,700700,Caesar,Caesar,VOLCANIC_ROCK_VOUCHER_10500,SEASHELLS,6.0,1
12893,701000,Camilla,Caesar,VOLCANIC_ROCK_VOUCHER_10500,SEASHELLS,6.0,16
12929,703600,Camilla,Pablo,VOLCANIC_ROCK_VOUCHER_10500,SEASHELLS,6.0,5
12995,707000,Camilla,Caesar,VOLCANIC_ROCK_VOUCHER_10500,SEASHELLS,7.0,14
13024,708400,Camilla,Pablo,VOLCANIC_ROCK_VOUCHER_10500,SEASHELLS,7.0,13
13051,709800,Camilla,Pablo,VOLCANIC_ROCK_VOUCHER_10500,SEASHELLS,6.0,5
13068,710600,Camilla,Caesar,VOLCANIC_ROCK_VOUCHER_10500,SEASHELLS,5.0,12
13081,711300,Camilla,Caesar,VOLCANIC_ROCK_VOUCHER_10500,SEASHELLS,6.0,14
13082,711300,Caesar,Caesar,VOLCANIC_ROCK_VOUCHER_10500,SEASHELLS,6.0,2
13087,711400,Camilla,Caesar,VOLCANIC_ROCK_VOUCHER_10500,SEASHELLS,6.0,15
13107,713500,Camilla,Caesar,VOLCANIC_ROCK_VOUCHER_10500,SEASHELLS,5.0,17
13150,716400,Camilla,Pablo,VOLCANIC_ROCK_VOUCHER_10500,SEASHELLS,7.0,7
13205,718400,Camilla,Pablo,VOLCANIC_ROCK_VOUCHER_10500,SEASHELLS,7.0,8
13216,718900,Camilla,Pablo,VOLCANIC_ROCK_VOUCHER_10500,SEASHELLS,6.0,12
13242,720500,Camilla,Caesar,VOLCANIC_ROCK_VOUCHER_10500,SEASHELLS,7.0,11
13282,722800,Camilla,Pablo,VOLCANIC_ROCK_VOUCHER_10500,SEASHELLS,7.0,5
13328,725000,Camilla,Caesar,VOLCANIC_ROCK_VOUCHER_10500,SEASHELLS,6.0,10
13364,726800,Camilla,Pablo,VOLCANIC_ROCK_VOUCHER_10500,SEASHELLS,6.0,11
13397,728300,Camilla,Pablo,VOLCANIC_ROCK_VOUCHER_10500,SEASHELLS,6.0,11
13438,730800,Camilla,Caesar,VOLCANIC_ROCK_VOUCHER_10500,SEASHELLS,6.0,10
13452,731400,Camilla,Caesar,VOLCANIC_ROCK_VOUCHER_10500,SEASHELLS,6.0,10
13453,731400,Caesar,Caesar,VOLCANIC_ROCK_VOUCHER_10500,SEASHELLS,6.0,2
13500,734100,Camilla,Caesar,VOLCANIC_ROCK_VOUCHER_10500,SEASHELLS,5.0,12
13560,737100,Camilla,Caesar,VOLCANIC_ROCK_VOUCHER_10500,SEASHELLS,6.0,13
13568,737300,Camilla,Caesar,VOLCANIC_ROCK_VOUCHER_10500,SEASHELLS,6.0,17
13647,742100,Camilla,Pablo,VOLCANIC_ROCK_VOUCHER_10500,SEASHELLS,9.0,6
13660,742700,Camilla,Caesar,VOLCANIC_ROCK_VOUCHER_10500,SEASHELLS,9.0,10
13661,742700,Caesar,Caesar,VOLCANIC_ROCK_VOUCHER_10500,SEASHELLS,9.0,2
13693,744700,Camilla,Penelope,VOLCANIC_ROCK_VOUCHER_10500,SEASHELLS,9.0,18
13733,747100,Camilla,Caesar,VOLCANIC_ROCK_VOUCHER_10500,SEASHELLS,9.0,12
13734,747100,Caesar,Caesar,VOLCANIC_ROCK_VOUCHER_10500,SEASHELLS,9.0,2
13750,747800,Camilla,Caesar,VOLCANIC_ROCK_VOUCHER_10500,SEASHELLS,8.0,11
13780,749600,Camilla,Caesar,VOLCANIC_ROCK_VOUCHER_10500,SEASHELLS,8.0,14
13795,750200,Camilla,Penelope,VOLCANIC_ROCK_VOUCHER_10500,SEASHELLS,8.0,12
13828,752500,Camilla,Caesar,VOLCANIC_ROCK_VOUCHER_10500,SEASHELLS,8.0,10
13829,752500,Caesar,Caesar,VOLCANIC_ROCK_VOUCHER_10500,SEASHELLS,8.0,1
13866,754800,Camilla,Caesar,VOLCANIC_ROCK_VOUCHER_10500,SEASHELLS,8.0,10
13885,755400,Camilla,Pablo,VOLCANIC_ROCK_VOUCHER_10500,SEASHELLS,8.0,5
13913,757300,Camilla,Caesar,VOLCANIC_ROCK_VOUCHER_10500,SEASHELLS,9.0,18
13974,762000,Camilla,Caesar,VOLCANIC_ROCK_VOUCHER_10500,SEASHELLS,9.0,13
13975,762000,Camilla,Pablo,VOLCANIC_ROCK_VOUCHER_10500,SEASHELLS,9.0,1
13976,762000,Caesar,Pablo,VOLCANIC_ROCK_VOUCHER_10500,SEASHELLS,9.0,1
14006,764500,Camilla,Caesar,VOLCANIC_ROCK_VOUCHER_10500,SEASHELLS,9.0,11
14014,764700,Camilla,Caesar,VOLCANIC_ROCK_VOUCHER_10500,SEASHELLS,9.0,16
14023,765300,Camilla,Pablo,VOLCANIC_ROCK_VOUCHER_10500,SEASHELLS,9.0,9
14110,769800,Camilla,Pablo,VOLCANIC_ROCK_VOUCHER_10500,SEASHELLS,13.0,7
14135,770700,Camilla,Caesar,VOLCANIC_ROCK_VOUCHER_10500,SEASHELLS,13.0,12
14173,773400,Camilla,Caesar,VOLCANIC_ROCK_VOUCHER_10500,SEASHELLS,14.0,10
14174,773400,Caesar,Caesar,VOLCANIC_ROCK_VOUCHER_10500,SEASHELLS,14.0,2
14185,773600,Camilla,Caesar,VOLCANIC_ROCK_VOUCHER_10500,SEASHELLS,14.0,10
14202,774100,Camilla,Caesar,VOLCANIC_ROCK_VOUCHER_10500,SEASHELLS,13.0,17
14216,775100,Camilla,Caesar,VOLCANIC_ROCK_VOUCHER_10500,SEASHELLS,14.0,15
14256,777500,Camilla,Caesar,VOLCANIC_ROCK_VOUCHER_10500,SEASHELLS,12.0,12
14304,781300,Camilla,Caesar,VOLCANIC_ROCK_VOUCHER_10500,SEASHELLS,14.0,16
14309,781400,Camilla,Caesar,VOLCANIC_ROCK_VOUCHER_10500,SEASHELLS,14.0,18
14320,781700,Camilla,Caesar,VOLCANIC_ROCK_VOUCHER_10500,SEASHELLS,13.0,12
14321,781700,Caesar,Caesar,VOLCANIC_ROCK_VOUCHER_10500,SEASHELLS,13.0,2
14367,784700,Camilla,Caesar,VOLCANIC_ROCK_VOUCHER_10500,SEASHELLS,12.0,15
14368,784700,Caesar,Caesar,VOLCANIC_ROCK_VOUCHER_10500,SEASHELLS,12.0,1
14387,785500,Camilla,Caesar,VOLCANIC_ROCK_VOUCHER_10500,SEASHELLS,12.0,15
14394,785800,Camilla,Penelope,VOLCANIC_ROCK_VOUCHER_10500,SEASHELLS,12.0,13
14431,787800,Camilla,Caesar,VOLCANIC_ROCK_VOUCHER_10500,SEASHELLS,10.0,15
14454,789500,Camilla,Caesar,VOLCANIC_ROCK_VOUCHER_10500,SEASHELLS,12.0,15
14462,789700,Camilla,Pablo,VOLCANIC_ROCK_VOUCHER_10500,SEASHELLS,12.0,6
14494,791600,Camilla,Caesar,VOLCANIC_ROCK_VOUCHER_10500,SEASHELLS,13.0,14
14495,791600,Caesar,Caesar,VOLCANIC_ROCK_VOUCHER_10500,SEASHELLS,13.0,2
14502,791700,Camilla,Pablo,VOLCANIC_ROCK_VOUCHER_10500,SEASHELLS,13.0,9
14511,792000,Camilla,Caesar,VOLCANIC_ROCK_VOUCHER_10500,SEASHELLS,13.0,10
14512,792000,Caesar,Caesar,VOLCANIC_ROCK_VOUCHER_10500,SEASHELLS,13.0,1
14532,793300,Camilla,Caesar,VOLCANIC_ROCK_VOUCHER_10500,SEASHELLS,12.0,10
14548,793600,Camilla,Caesar,VOLCANIC_ROCK_VOUCHER_10500,SEASHELLS,12.0,11
14549,793600,Caesar,Caesar,VOLCANIC_ROCK_VOUCHER_10500,SEASHELLS,12.0,2
14579,795700,Camilla,Caesar,VOLCANIC_ROCK_VOUCHER_10500,SEASHELLS,11.0,11
14580,795700,Caesar,Caesar,VOLCANIC_ROCK_VOUCHER_10500,SEASHELLS,11.0,1
14597,796300,Camilla,Caesar,VOLCANIC_ROCK_VOUCHER_10500,SEASHELLS,11.0,13
14625,798000,Camilla,Caesar,VOLCANIC_ROCK_VOUCHER_10500,SEASHELLS,11.0,13
14626,798000,Caesar,Caesar,VOLCANIC_ROCK_VOUCHER_10500,SEASHELLS,11.0,2
14645,798500,Camilla,Caesar,VOLCANIC_ROCK_VOUCHER_10500,SEASHELLS,11.0,12
14653,799100,Camilla,Pablo,VOLCANIC_ROCK_VOUCHER_10500,SEASHELLS,12.0,7
14663,799400,Camilla,Penelope,VOLCANIC_ROCK_VOUCHER_10500,SEASHELLS,12.0,13
14679,800100,Camilla,Caesar,VOLCANIC_ROCK_VOUCHER_10500,SEASHELLS,12.0,14
14699,802100,Camilla,Caesar,VOLCANIC_ROCK_VOUCHER_10500,SEASHELLS,11.0,13
14728,804300,Camilla,Caesar,VOLCANIC_ROCK_VOUCHER_10500,SEASHELLS,11.0,14
14729,804300,Caesar,Caesar,VOLCANIC_ROCK_VOUCHER_10500,SEASHELLS,11.0,1
14794,808000,Camilla,Caesar,VOLCANIC_ROCK_VOUCHER_10500,SEASHELLS,10.0,18
14815,809500,Camilla,Caesar,VOLCANIC_ROCK_VOUCHER_10500,SEASHELLS,10.0,17
14816,809500,Caesar,Caesar,VOLCANIC_ROCK_VOUCHER_10500,SEASHELLS,10.0,2
14842,810900,Camilla,Caesar,VOLCANIC_ROCK_VOUCHER_10500,SEASHELLS,10.0,12
14866,812800,Camilla,Caesar,VOLCANIC_ROCK_VOUCHER_10500,SEASHELLS,10.0,17
14879,813500,Camilla,Caesar,VOLCANIC_ROCK_VOUCHER_10500,SEASHELLS,9.0,16
14967,817900,Camilla,Caesar,VOLCANIC_ROCK_VOUCHER_10500,SEASHELLS,9.0,13
14993,819800,Penelope,Camilla,VOLCANIC_ROCK_VOUCHER_10500,SEASHELLS,12.0,13
15012,820700,Camilla,Caesar,VOLCANIC_ROCK_VOUCHER_10500,SEASHELLS,11.0,13
15040,821900,Camilla,Caesar,VOLCANIC_ROCK_VOUCHER_10500,SEASHELLS,12.0,16
15041,821900,Caesar,Caesar,VOLCANIC_ROCK_VOUCHER_10500,SEASHELLS,12.0,1
15057,822300,Camilla,Pablo,VOLCANIC_ROCK_VOUCHER_10500,SEASHELLS,11.0,7
15099,824200,Camilla,Caesar,VOLCANIC_ROCK_VOUCHER_10500,SEASHELLS,13.0,13
15120,825700,Camilla,Caesar,VOLCANIC_ROCK_VOUCHER_10500,SEASHELLS,11.0,10
15134,826700,Camilla,Caesar,VOLCANIC_ROCK_VOUCHER_10500,SEASHELLS,11.0,14
15167,829000,Camilla,Caesar,VOLCANIC_ROCK_VOUCHER_10500,SEASHELLS,9.0,11
15178,830000,Camilla,Caesar,VOLCANIC_ROCK_VOUCHER_10500,SEASHELLS,8.0,13
15179,830000,Caesar,Caesar,VOLCANIC_ROCK_VOUCHER_10500,SEASHELLS,8.0,2
15224,832500,Camilla,Caesar,VOLCANIC_ROCK_VOUCHER_10500,SEASHELLS,8.0,15
15225,832500,Caesar,Caesar,VOLCANIC_ROCK_VOUCHER_10500,SEASHELLS,8.0,2
15256,834400,Camilla,Caesar,VOLCANIC_ROCK_VOUCHER_10500,SEASHELLS,7.0,13
15257,834400,Caesar,Caesar,VOLCANIC_ROCK_VOUCHER_10500,SEASHELLS,7.0,1
15285,835400,Camilla,Caesar,VOLCANIC_ROCK_VOUCHER_10500,SEASHELLS,6.0,11
15286,835400,Caesar,Caesar,VOLCANIC_ROCK_VOUCHER_10500,SEASHELLS,6.0,1
15305,835900,Camilla,Pablo,VOLCANIC_ROCK_VOUCHER_10500,SEASHELLS,6.0,14
15306,835900,Caesar,Pablo,VOLCANIC_ROCK_VOUCHER_10500,SEASHELLS,6.0,1
15382,839900,Camilla,Caesar,VOLCANIC_ROCK_VOUCHER_10500,SEASHELLS,6.0,12
15411,842400,Camilla,Caesar,VOLCANIC_ROCK_VOUCHER_10500,SEASHELLS,7.0,11
15449,844500,Camilla,Caesar,VOLCANIC_ROCK_VOUCHER_10500,SEASHELLS,7.0,10
15450,844500,Caesar,Caesar,VOLCANIC_ROCK_VOUCHER_10500,SEASHELLS,7.0,2
15467,845100,Camilla,Caesar,VOLCANIC_ROCK_VOUCHER_10500,SEASHELLS,8.0,12
15468,845100,Caesar,Caesar,VOLCANIC_ROCK_VOUCHER_10500,SEASHELLS,8.0,1
15480,845400,Camilla,Caesar,VOLCANIC_ROCK_VOUCHER_10500,SEASHELLS,8.0,14
15570,852300,Camilla,Caesar,VOLCANIC_ROCK_VOUCHER_10500,SEASHELLS,8.0,14
15571,852300,Caesar,Caesar,VOLCANIC_ROCK_VOUCHER_10500,SEASHELLS,8.0,1
15572,852300,Pablo,Caesar,VOLCANIC_ROCK_VOUCHER_10500,SEASHELLS,8.0,1
15585,852600,Penelope,Camilla,VOLCANIC_ROCK_VOUCHER_10500,SEASHELLS,8.0,12
15595,853100,Camilla,Caesar,VOLCANIC_ROCK_VOUCHER_10500,SEASHELLS,6.0,10
15612,853800,Camilla,Caesar,VOLCANIC_ROCK_VOUCHER_10500,SEASHELLS,7.0,12
15629,855100,Camilla,Caesar,VOLCANIC_ROCK_VOUCHER_10500,SEASHELLS,7.0,17
15644,855900,Camilla,Pablo,VOLCANIC_ROCK_VOUCHER_10500,SEASHELLS,7.0,10
15680,857800,Camilla,Pablo,VOLCANIC_ROCK_VOUCHER_10500,SEASHELLS,8.0,9
15703,858900,Camilla,Caesar,VOLCANIC_ROCK_VOUCHER_10500,SEASHELLS,7.0,11
15704,858900,Caesar,Caesar,VOLCANIC_ROCK_VOUCHER_10500,SEASHELLS,7.0,2
15734,860000,Camilla,Caesar,VOLCANIC_ROCK_VOUCHER_10500,SEASHELLS,8.0,12
15735,860000,Caesar,Caesar,VOLCANIC_ROCK_VOUCHER_10500,SEASHELLS,8.0,2
15806,865000,Camilla,Caesar,VOLCANIC_ROCK_VOUCHER_10500,SEASHELLS,8.0,14
15813,865100,Camilla,Caesar,VOLCANIC_ROCK_VOUCHER_10500,SEASHELLS,8.0,11
15819,865200,Camilla,Caesar,VOLCANIC_ROCK_VOUCHER_10500,SEASHELLS,8.0,10
15850,867400,Camilla,Caesar,VOLCANIC_ROCK_VOUCHER_10500,SEASHELLS,8.0,10
15888,869500,Camilla,Caesar,VOLCANIC_ROCK_VOUCHER_10500,SEASHELLS,10.0,12
15895,869600,Camilla,Penelope,VOLCANIC_ROCK_VOUCHER_10500,SEASHELLS,10.0,10
15908,870200,Camilla,Caesar,VOLCANIC_ROCK_VOUCHER_10500,SEASHELLS,9.0,13
15918,870500,Camilla,Caesar,VOLCANIC_ROCK_VOUCHER_10500,SEASHELLS,9.0,15
16052,877900,Camilla,Caesar,VOLCANIC_ROCK_VOUCHER_10500,SEASHELLS,9.0,12
16053,877900,Caesar,Caesar,VOLCANIC_ROCK_VOUCHER_10500,SEASHELLS,9.0,2
16078,880200,Camilla,Caesar,VOLCANIC_ROCK_VOUCHER_10500,SEASHELLS,9.0,14
16079,880200,Caesar,Caesar,VOLCANIC_ROCK_VOUCHER_10500,SEASHELLS,9.0,2
16118,882200,Camilla,Pablo,VOLCANIC_ROCK_VOUCHER_10500,SEASHELLS,7.0,15
16132,882700,Camilla,Caesar,VOLCANIC_ROCK_VOUCHER_10500,SEASHELLS,7.0,11
16144,883300,Camilla,Caesar,VOLCANIC_ROCK_VOUCHER_10500,SEASHELLS,7.0,10
16190,886300,Camilla,Caesar,VOLCANIC_ROCK_VOUCHER_10500,SEASHELLS,7.0,12
16191,886300,Caesar,Caesar,VOLCANIC_ROCK_VOUCHER_10500,SEASHELLS,7.0,1
16236,888700,Camilla,Caesar,VOLCANIC_ROCK_VOUCHER_10500,SEASHELLS,7.0,12
16237,888700,Caesar,Caesar,VOLCANIC_ROCK_VOUCHER_10500,SEASHELLS,7.0,2
16261,889900,Camilla,Caesar,VOLCANIC_ROCK_VOUCHER_10500,SEASHELLS,8.0,15
16290,891300,Camilla,Caesar,VOLCANIC_ROCK_VOUCHER_10500,SEASHELLS,8.0,12
16325,893000,Camilla,Caesar,VOLCANIC_ROCK_VOUCHER_10500,SEASHELLS,9.0,11
16401,898600,Camilla,Caesar,VOLCANIC_ROCK_VOUCHER_10500,SEASHELLS,7.0,12
16445,901600,Camilla,Caesar,VOLCANIC_ROCK_VOUCHER_10500,SEASHELLS,6.0,12
16446,901600,Caesar,Caesar,VOLCANIC_ROCK_VOUCHER_10500,SEASHELLS,6.0,1
16467,903300,Camilla,Caesar,VOLCANIC_ROCK_VOUCHER_10500,SEASHELLS,6.0,17
16494,904500,Camilla,Caesar,VOLCANIC_ROCK_VOUCHER_10500,SEASHELLS,7.0,15
16495,904500,Caesar,Caesar,VOLCANIC_ROCK_VOUCHER_10500,SEASHELLS,7.0,2
16538,906900,Camilla,Caesar,VOLCANIC_ROCK_VOUCHER_10500,SEASHELLS,6.0,14
16614,913100,Camilla,Caesar,VOLCANIC_ROCK_VOUCHER_10500,SEASHELLS,4.0,11
16633,913800,Camilla,Caesar,VOLCANIC_ROCK_VOUCHER_10500,SEASHELLS,4.0,15
16676,915500,Camilla,Caesar,VOLCANIC_ROCK_VOUCHER_10500,SEASHELLS,5.0,10
16677,915500,Pablo,Caesar,VOLCANIC_ROCK_VOUCHER_10500,SEASHELLS,5.0,7
16722,917500,Camilla,Caesar,VOLCANIC_ROCK_VOUCHER_10500,SEASHELLS,4.0,14
16723,917500,Caesar,Caesar,VOLCANIC_ROCK_VOUCHER_10500,SEASHELLS,4.0,2
16799,922400,Camilla,Pablo,VOLCANIC_ROCK_VOUCHER_10500,SEASHELLS,5.0,7
16804,922500,Camilla,Pablo,VOLCANIC_ROCK_VOUCHER_10500,SEASHELLS,5.0,12
16832,924200,Camilla,Caesar,VOLCANIC_ROCK_VOUCHER_10500,SEASHELLS,5.0,13
16833,924200,Caesar,Caesar,VOLCANIC_ROCK_VOUCHER_10500,SEASHELLS,5.0,1
16873,926600,Camilla,Caesar,VOLCANIC_ROCK_VOUCHER_10500,SEASHELLS,5.0,13
16907,928100,Camilla,Caesar,VOLCANIC_ROCK_VOUCHER_10500,SEASHELLS,5.0,15
16908,928100,Caesar,Caesar,VOLCANIC_ROCK_VOUCHER_10500,SEASHELLS,5.0,2
16977,931700,Camilla,Caesar,VOLCANIC_ROCK_VOUCHER_10500,SEASHELLS,4.0,15
17000,932700,Camilla,Caesar,VOLCANIC_ROCK_VOUCHER_10500,SEASHELLS,4.0,15
17031,933600,Camilla,Caesar,VOLCANIC_ROCK_VOUCHER_10500,SEASHELLS,5.0,10
17044,934000,Camilla,Pablo,VOLCANIC_ROCK_VOUCHER_10500,SEASHELLS,4.0,8
17054,934300,Camilla,Caesar,VOLCANIC_ROCK_VOUCHER_10500,SEASHELLS,4.0,12
17084,936100,Camilla,Caesar,VOLCANIC_ROCK_VOUCHER_10500,SEASHELLS,5.0,15
17123,937900,Camilla,Caesar,VOLCANIC_ROCK_VOUCHER_10500,SEASHELLS,6.0,17
17144,939000,Camilla,Caesar,VOLCANIC_ROCK_VOUCHER_10500,SEASHELLS,6.0,13
17173,940800,Camilla,Caesar,VOLCANIC_ROCK_VOUCHER_10500,SEASHELLS,6.0,11
17174,940800,Caesar,Caesar,VOLCANIC_ROCK_VOUCHER_10500,SEASHELLS,6.0,1
17210,942600,Camilla,Caesar,VOLCANIC_ROCK_VOUCHER_10500,SEASHELLS,5.0,11
17232,943800,Camilla,Caesar,VOLCANIC_ROCK_VOUCHER_10500,SEASHELLS,5.0,11
17263,946300,Camilla,Caesar,VOLCANIC_ROCK_VOUCHER_10500,SEASHELLS,5.0,20
17272,947000,Camilla,Caesar,VOLCANIC_ROCK_VOUCHER_10500,SEASHELLS,5.0,13
17273,947000,Caesar,Caesar,VOLCANIC_ROCK_VOUCHER_10500,SEASHELLS,5.0,1
17334,949900,Camilla,Caesar,VOLCANIC_ROCK_VOUCHER_10500,SEASHELLS,6.0,11
17358,951000,Camilla,Caesar,VOLCANIC_ROCK_VOUCHER_10500,SEASHELLS,6.0,10
17359,951000,Caesar,Caesar,VOLCANIC_ROCK_VOUCHER_10500,SEASHELLS,6.0,2
17383,952400,Camilla,Caesar,VOLCANIC_ROCK_VOUCHER_10500,SEASHELLS,6.0,17
17413,954500,Camilla,Caesar,VOLCANIC_ROCK_VOUCHER_10500,SEASHELLS,6.0,15
17474,959500,Camilla,Caesar,VOLCANIC_ROCK_VOUCHER_10500,SEASHELLS,5.0,12
17481,959900,Camilla,Caesar,VOLCANIC_ROCK_VOUCHER_10500,SEASHELLS,5.0,16
17498,960600,Camilla,Pablo,VOLCANIC_ROCK_VOUCHER_10500,SEASHELLS,5.0,9
17504,960700,Camilla,Caesar,VOLCANIC_ROCK_VOUCHER_10500,SEASHELLS,5.0,11
17522,961600,Camilla,Caesar,VOLCANIC_ROCK_VOUCHER_10500,SEASHELLS,5.0,12
17550,963500,Camilla,Caesar,VOLCANIC_ROCK_VOUCHER_10500,SEASHELLS,5.0,17
17571,965400,Camilla,Caesar,VOLCANIC_ROCK_VOUCHER_10500,SEASHELLS,5.0,13
17572,965400,Caesar,Caesar,VOLCANIC_ROCK_VOUCHER_10500,SEASHELLS,5.0,1
17595,966400,Camilla,Pablo,VOLCANIC_ROCK_VOUCHER_10500,SEASHELLS,5.0,8
17665,971600,Camilla,Caesar,VOLCANIC_ROCK_VOUCHER_10500,SEASHELLS,5.0,14
17666,971600,Caesar,Caesar,VOLCANIC_ROCK_VOUCHER_10500,SEASHELLS,5.0,1
17693,972800,Camilla,Pablo,VOLCANIC_ROCK_VOUCHER_10500,SEASHELLS,5.0,11
17701,973000,Camilla,Caesar,VOLCANIC_ROCK_VOUCHER_10500,SEASHELLS,5.0,16
17702,973000,Caesar,Caesar,VOLCANIC_ROCK_VOUCHER_10500,SEASHELLS,5.0,2
17725,973700,Camilla,Caesar,VOLCANIC_ROCK_VOUCHER_10500,SEASHELLS,5.0,12
17733,973800,Camilla,Caesar,VOLCANIC_ROCK_VOUCHER_10500,SEASHELLS,4.0,13
17751,974300,Camilla,Pablo,VOLCANIC_ROCK_VOUCHER_10500,SEASHELLS,5.0,14
17752,974300,Caesar,Pablo,VOLCANIC_ROCK_VOUCHER_10500,SEASHELLS,5.0,1
17760,974500,Camilla,Caesar,VOLCANIC_ROCK_VOUCHER_10500,SEASHELLS,5.0,10
17772,974800,Camilla,Caesar,VOLCANIC_ROCK_VOUCHER_10500,SEASHELLS,5.0,18
17773,974800,Caesar,Caesar,VOLCANIC_ROCK_VOUCHER_10500,SEASHELLS,5.0,2
17784,975500,Camilla,Caesar,VOLCANIC_ROCK_VOUCHER_10500,SEASHELLS,5.0,13
17785,975500,Caesar,Caesar,VOLCANIC_ROCK_VOUCHER_10500,SEASHELLS,5.0,2
17809,976100,Camilla,Caesar,VOLCANIC_ROCK_VOUCHER_10500,SEASHELLS,4.0,14
17810,976100,Caesar,Caesar,VOLCANIC_ROCK_VOUCHER_10500,SEASHELLS,4.0,2
17829,977000,Camilla,Caesar,VOLCANIC_ROCK_VOUCHER_10500,SEASHELLS,5.0,18
17835,977100,Camilla,Pablo,VOLCANIC_ROCK_VOUCHER_10500,SEASHELLS,5.0,12
17869,978800,Camilla,Caesar,VOLCANIC_ROCK_VOUCHER_10500,SEASHELLS,5.0,15
17905,981100,Camilla,Caesar,VOLCANIC_ROCK_VOUCHER_10500,SEASHELLS,4.0,16
17914,981400,Camilla,Caesar,VOLCANIC_ROCK_VOUCHER_10500,SEASHELLS,4.0,14
17915,981400,Caesar,Caesar,VOLCANIC_ROCK_VOUCHER_10500,SEASHELLS,4.0,2
17971,984800,Camilla,Caesar,VOLCANIC_ROCK_VOUCHER_10500,SEASHELLS,5.0,11
18000,986700,Camilla,Caesar,VOLCANIC_ROCK_VOUCHER_10500,SEASHELLS,4.0,15
18077,992700,Camilla,Caesar,VOLCANIC_ROCK_VOUCHER_10500,SEASHELLS,4.0,11
18078,992700,Caesar,Caesar,VOLCANIC_ROCK_VOUCHER_10500,SEASHELLS,4.0,1
18106,994100,Camilla,Caesar,VOLCANIC_ROCK_VOUCHER_10500,SEASHELLS,4.0,16
18107,994100,Caesar,Caesar,VOLCANIC_ROCK_VOUCHER_10500,SEASHELLS,4.0,1
18120,994600,Camilla,Caesar,VOLCANIC_ROCK_VOUCHER_10500,SEASHELLS,4.0,11
18132,995200,Camilla,Pablo,VOLCANIC_ROCK_VOUCHER_10500,SEASHELLS,3.0,8
18140,995400,Camilla,Pablo,VOLCANIC_ROCK_VOUCHER_10500,SEASHELLS,4.0,14
18149,995800,Camilla,Caesar,VOLCANIC_ROCK_VOUCHER_10500,SEASHELLS,4.0,13
18175,997100,Camilla,Caesar,VOLCANIC_ROCK_VOUCHER_10500,SEASHELLS,3.0,13
18176,997100,Caesar,Caesar,VOLCANIC_ROCK_VOUCHER_10500,SEASHELLS,3.0,1
18186,997200,Camilla,Caesar,VOLCANIC_ROCK_VOUCHER_10500,SEASHELLS,3.0,17
18187,997200,Caesar,Caesar,VOLCANIC_ROCK_VOUCHER_10500,SEASHELLS,3.0,1
18211,997800,Camilla,Caesar,VOLCANIC_ROCK_VOUCHER_10500,SEASHELLS,3.0,13
18229,998400,Camilla,Caesar,VOLCANIC_ROCK_VOUCHER_10500,SEASHELLS,3.0,11
18245,999500,Camilla,Pablo,VOLCANIC_ROCK_VOUCHER_10500,SEASHELLS,3.0,15
17,1000800,Camilla,Pablo,VOLCANIC_ROCK_VOUCHER_10500,SEASHELLS,3.0,15
72,1003700,Camilla,Caesar,VOLCANIC_ROCK_VOUCHER_10500,SEASHELLS,3.0,10
73,1003700,Caesar,Caesar,VOLCANIC_ROCK_VOUCHER_10500,SEASHELLS,3.0,2
145,1009000,Camilla,Caesar,VOLCANIC_ROCK_VOUCHER_10500,SEASHELLS,3.0,19
146,1009000,Caesar,Caesar,VOLCANIC_ROCK_VOUCHER_10500,SEASHELLS,3.0,1
163,1009600,Camilla,Caesar,VOLCANIC_ROCK_VOUCHER_10500,SEASHELLS,3.0,11
168,1009800,Camilla,Caesar,VOLCANIC_ROCK_VOUCHER_10500,SEASHELLS,3.0,14
212,1012400,Camilla,Pablo,VOLCANIC_ROCK_VOUCHER_10500,SEASHELLS,2.0,11
238,1013900,Camilla,Caesar,VOLCANIC_ROCK_VOUCHER_10500,SEASHELLS,2.0,16
239,1013900,Caesar,Caesar,VOLCANIC_ROCK_VOUCHER_10500,SEASHELLS,2.0,1
249,1014200,Camilla,Caesar,VOLCANIC_ROCK_VOUCHER_10500,SEASHELLS,2.0,12
275,1015400,Camilla,Pablo,VOLCANIC_ROCK_VOUCHER_10500,SEASHELLS,2.0,6
303,1017200,Camilla,Caesar,VOLCANIC_ROCK_VOUCHER_10500,SEASHELLS,2.0,16
304,1017200,Caesar,Caesar,VOLCANIC_ROCK_VOUCHER_10500,SEASHELLS,2.0,2
332,1019300,Camilla,Caesar,VOLCANIC_ROCK_VOUCHER_10500,SEASHELLS,2.0,11
373,1022300,Camilla,Pablo,VOLCANIC_ROCK_VOUCHER_10500,SEASHELLS,2.0,12
380,1022500,Camilla,Pablo,VOLCANIC_ROCK_VOUCHER_10500,SEASHELLS,2.0,7
389,1022600,Camilla,Caesar,VOLCANIC_ROCK_VOUCHER_10500,SEASHELLS,2.0,13
390,1022600,Caesar,Caesar,VOLCANIC_ROCK_VOUCHER_10500,SEASHELLS,2.0,1
412,1024000,Camilla,Caesar,VOLCANIC_ROCK_VOUCHER_10500,SEASHELLS,2.0,16
452,1026200,Camilla,Caesar,VOLCANIC_ROCK_VOUCHER_10500,SEASHELLS,2.0,12
453,1026200,Caesar,Caesar,VOLCANIC_ROCK_VOUCHER_10500,SEASHELLS,2.0,1
467,1026600,Camilla,Pablo,VOLCANIC_ROCK_VOUCHER_10500,SEASHELLS,2.0,7
482,1027300,Camilla,Caesar,VOLCANIC_ROCK_VOUCHER_10500,SEASHELLS,2.0,13
498,1028000,Camilla,Caesar,VOLCANIC_ROCK_VOUCHER_10500,SEASHELLS,3.0,11
523,1029300,Camilla,Caesar,VOLCANIC_ROCK_VOUCHER_10500,SEASHELLS,3.0,14
528,1029500,Camilla,Pablo,VOLCANIC_ROCK_VOUCHER_10500,SEASHELLS,3.0,8
561,1030800,Camilla,Caesar,VOLCANIC_ROCK_VOUCHER_10500,SEASHELLS,2.0,17
562,1030800,Caesar,Caesar,VOLCANIC_ROCK_VOUCHER_10500,SEASHELLS,2.0,2
575,1031100,Camilla,Pablo,VOLCANIC_ROCK_VOUCHER_10500,SEASHELLS,2.0,6
643,1035000,Camilla,Caesar,VOLCANIC_ROCK_VOUCHER_10500,SEASHELLS,2.0,13
650,1035400,Camilla,Caesar,VOLCANIC_ROCK_VOUCHER_10500,SEASHELLS,2.0,14
672,1036500,Camilla,Pablo,VOLCANIC_ROCK_VOUCHER_10500,SEASHELLS,2.0,6
682,1037000,Camilla,Pablo,VOLCANIC_ROCK_VOUCHER_10500,SEASHELLS,2.0,6
692,1037200,Camilla,Caesar,VOLCANIC_ROCK_VOUCHER_10500,SEASHELLS,2.0,15
693,1037200,Camilla,Pablo,VOLCANIC_ROCK_VOUCHER_10500,SEASHELLS,2.0,4
762,1041700,Camilla,Caesar,VOLCANIC_ROCK_VOUCHER_10500,SEASHELLS,2.0,13
763,1041700,Caesar,Caesar,VOLCANIC_ROCK_VOUCHER_10500,SEASHELLS,2.0,2
787,1042600,Camilla,Caesar,VOLCANIC_ROCK_VOUCHER_10500,SEASHELLS,2.0,11
788,1042600,Caesar,Caesar,VOLCANIC_ROCK_VOUCHER_10500,SEASHELLS,2.0,1
822,1044000,Camilla,Caesar,VOLCANIC_ROCK_VOUCHER_10500,SEASHELLS,2.0,12
823,1044000,Caesar,Caesar,VOLCANIC_ROCK_VOUCHER_10500,SEASHELLS,2.0,1
834,1044200,Camilla,Pablo,VOLCANIC_ROCK_VOUCHER_10500,SEASHELLS,2.0,12
844,1044400,Camilla,Pablo,VOLCANIC_ROCK_VOUCHER_10500,SEASHELLS,2.0,10
845,1044400,Caesar,Pablo,VOLCANIC_ROCK_VOUCHER_10500,SEASHELLS,2.0,2
869,1045300,Camilla,Caesar,VOLCANIC_ROCK_VOUCHER_10500,SEASHELLS,2.0,17
870,1045300,Caesar,Caesar,VOLCANIC_ROCK_VOUCHER_10500,SEASHELLS,2.0,1
885,1045700,Camilla,Pablo,VOLCANIC_ROCK_VOUCHER_10500,SEASHELLS,2.0,11
886,1045700,Caesar,Pablo,VOLCANIC_ROCK_VOUCHER_10500,SEASHELLS,2.0,2
985,1051900,Camilla,Caesar,VOLCANIC_ROCK_VOUCHER_10500,SEASHELLS,3.0,10
995,1052100,Camilla,Caesar,VOLCANIC_ROCK_VOUCHER_10500,SEASHELLS,3.0,13
996,1052100,Caesar,Caesar,VOLCANIC_ROCK_VOUCHER_10500,SEASHELLS,3.0,2
1016,1052800,Camilla,Caesar,VOLCANIC_ROCK_VOUCHER_10500,SEASHELLS,2.0,12
1017,1052800,Caesar,Caesar,VOLCANIC_ROCK_VOUCHER_10500,SEASHELLS,2.0,2
1044,1054700,Camilla,Caesar,VOLCANIC_ROCK_VOUCHER_10500,SEASHELLS,3.0,11
1045,1054700,Caesar,Caesar,VOLCANIC_ROCK_VOUCHER_10500,SEASHELLS,3.0,1
1075,1056000,Camilla,Pablo,VOLCANIC_ROCK_VOUCHER_10500,SEASHELLS,2.0,7
1083,1056200,Camilla,Caesar,VOLCANIC_ROCK_VOUCHER_10500,SEASHELLS,2.0,12
1105,1057400,Camilla,Caesar,VOLCANIC_ROCK_VOUCHER_10500,SEASHELLS,2.0,13
1106,1057400,Caesar,Caesar,VOLCANIC_ROCK_VOUCHER_10500,SEASHELLS,2.0,2
1221,1064900,Camilla,Caesar,VOLCANIC_ROCK_VOUCHER_10500,SEASHELLS,3.0,10
1249,1065900,Camilla,Caesar,VOLCANIC_ROCK_VOUCHER_10500,SEASHELLS,2.0,11
1250,1065900,Caesar,Caesar,VOLCANIC_ROCK_VOUCHER_10500,SEASHELLS,2.0,1
1264,1066500,Camilla,Caesar,VOLCANIC_ROCK_VOUCHER_10500,SEASHELLS,2.0,15
1265,1066500,Caesar,Caesar,VOLCANIC_ROCK_VOUCHER_10500,SEASHELLS,2.0,1
1325,1070200,Camilla,Caesar,VOLCANIC_ROCK_VOUCHER_10500,SEASHELLS,3.0,14
1326,1070200,Caesar,Caesar,VOLCANIC_ROCK_VOUCHER_10500,SEASHELLS,3.0,2
1374,1072900,Camilla,Pablo,VOLCANIC_ROCK_VOUCHER_10500,SEASHELLS,3.0,6
1382,1073100,Camilla,Caesar,VOLCANIC_ROCK_VOUCHER_10500,SEASHELLS,3.0,10
1399,1074300,Camilla,Pablo,VOLCANIC_ROCK_VOUCHER_10500,SEASHELLS,3.0,8
1430,1077100,Camilla,Caesar,VOLCANIC_ROCK_VOUCHER_10500,SEASHELLS,2.0,11
1446,1078900,Camilla,Caesar,VOLCANIC_ROCK_VOUCHER_10500,SEASHELLS,2.0,13
1460,1079500,Camilla,Caesar,VOLCANIC_ROCK_VOUCHER_10500,SEASHELLS,2.0,13
1461,1079500,Caesar,Caesar,VOLCANIC_ROCK_VOUCHER_10500,SEASHELLS,2.0,1
1471,1079700,Camilla,Caesar,VOLCANIC_ROCK_VOUCHER_10500,SEASHELLS,2.0,13
1479,1079900,Camilla,Caesar,VOLCANIC_ROCK_VOUCHER_10500,SEASHELLS,2.0,11
1518,1082800,Camilla,Caesar,VOLCANIC_ROCK_VOUCHER_10500,SEASHELLS,3.0,14
1519,1082800,Caesar,Caesar,VOLCANIC_ROCK_VOUCHER_10500,SEASHELLS,3.0,2
1536,1083100,Camilla,Caesar,VOLCANIC_ROCK_VOUCHER_10500,SEASHELLS,3.0,12
1548,1083600,Camilla,Caesar,VOLCANIC_ROCK_VOUCHER_10500,SEASHELLS,3.0,13
1567,1085200,Camilla,Caesar,VOLCANIC_ROCK_VOUCHER_10500,SEASHELLS,3.0,16
1617,1088800,Camilla,Caesar,VOLCANIC_ROCK_VOUCHER_10500,SEASHELLS,3.0,17
1618,1088800,Caesar,Caesar,VOLCANIC_ROCK_VOUCHER_10500,SEASHELLS,3.0,2
1630,1089400,Camilla,Caesar,VOLCANIC_ROCK_VOUCHER_10500,SEASHELLS,3.0,14
1636,1089500,Camilla,Caesar,VOLCANIC_ROCK_VOUCHER_10500,SEASHELLS,3.0,12
1652,1090100,Camilla,Pablo,VOLCANIC_ROCK_VOUCHER_10500,SEASHELLS,3.0,11
1677,1091300,Camilla,Pablo,VOLCANIC_ROCK_VOUCHER_10500,SEASHELLS,3.0,12
1678,1091300,Caesar,Pablo,VOLCANIC_ROCK_VOUCHER_10500,SEASHELLS,3.0,1
1698,1091800,Camilla,Caesar,VOLCANIC_ROCK_VOUCHER_10500,SEASHELLS,3.0,13
1699,1091800,Caesar,Caesar,VOLCANIC_ROCK_VOUCHER_10500,SEASHELLS,3.0,1
1759,1096700,Camilla,Caesar,VOLCANIC_ROCK_VOUCHER_10500,SEASHELLS,3.0,19
1760,1096700,Caesar,Caesar,VOLCANIC_ROCK_VOUCHER_10500,SEASHELLS,3.0,1
1771,1097200,Camilla,Caesar,VOLCANIC_ROCK_VOUCHER_10500,SEASHELLS,3.0,12
1804,1098500,Camilla,Caesar,VOLCANIC_ROCK_VOUCHER_10500,SEASHELLS,3.0,15
1819,1099300,Camilla,Pablo,VOLCANIC_ROCK_VOUCHER_10500,SEASHELLS,3.0,10
1830,1099900,Camilla,Caesar,VOLCANIC_ROCK_VOUCHER_10500,SEASHELLS,3.0,10
1853,1101100,Camilla,Caesar,VOLCANIC_ROCK_VOUCHER_10500,SEASHELLS,3.0,16
1873,1101900,Camilla,Caesar,VOLCANIC_ROCK_VOUCHER_10500,SEASHELLS,3.0,18
1874,1101900,Caesar,Caesar,VOLCANIC_ROCK_VOUCHER_10500,SEASHELLS,3.0,1
1927,1103900,Camilla,Caesar,VOLCANIC_ROCK_VOUCHER_10500,SEASHELLS,3.0,18
1943,1104600,Camilla,Caesar,VOLCANIC_ROCK_VOUCHER_10500,SEASHELLS,3.0,13
1962,1105800,Camilla,Caesar,VOLCANIC_ROCK_VOUCHER_10500,SEASHELLS,3.0,16
1972,1106000,Camilla,Caesar,VOLCANIC_ROCK_VOUCHER_10500,SEASHELLS,3.0,13
1973,1106000,Caesar,Caesar,VOLCANIC_ROCK_VOUCHER_10500,SEASHELLS,3.0,1
1993,1106900,Camilla,Pablo,VOLCANIC_ROCK_VOUCHER_10500,SEASHELLS,3.0,12
2044,1110200,Camilla,Caesar,VOLCANIC_ROCK_VOUCHER_10500,SEASHELLS,3.0,16
2115,1114500,Camilla,Caesar,VOLCANIC_ROCK_VOUCHER_10500,SEASHELLS,3.0,14
2123,1114900,Camilla,Caesar,VOLCANIC_ROCK_VOUCHER_10500,SEASHELLS,3.0,10
2124,1114900,Caesar,Caesar,VOLCANIC_ROCK_VOUCHER_10500,SEASHELLS,3.0,1
2133,1115000,Camilla,Caesar,VOLCANIC_ROCK_VOUCHER_10500,SEASHELLS,3.0,11
2169,1118200,Camilla,Caesar,VOLCANIC_ROCK_VOUCHER_10500,SEASHELLS,3.0,11
2190,1119500,Camilla,Caesar,VOLCANIC_ROCK_VOUCHER_10500,SEASHELLS,3.0,10
2191,1119500,Caesar,Caesar,VOLCANIC_ROCK_VOUCHER_10500,SEASHELLS,3.0,2
2224,1121400,Camilla,Caesar,VOLCANIC_ROCK_VOUCHER_10500,SEASHELLS,3.0,16
2248,1123400,Camilla,Caesar,VOLCANIC_ROCK_VOUCHER_10500,SEASHELLS,3.0,15
2260,1123800,Camilla,Caesar,VOLCANIC_ROCK_VOUCHER_10500,SEASHELLS,3.0,19
2267,1124000,Camilla,Caesar,VOLCANIC_ROCK_VOUCHER_10500,SEASHELLS,3.0,10
2275,1124200,Camilla,Caesar,VOLCANIC_ROCK_VOUCHER_10500,SEASHELLS,3.0,11
2280,1124400,Camilla,Pablo,VOLCANIC_ROCK_VOUCHER_10500,SEASHELLS,3.0,5
2288,1124500,Camilla,Caesar,VOLCANIC_ROCK_VOUCHER_10500,SEASHELLS,3.0,11
2292,1124600,Camilla,Caesar,VOLCANIC_ROCK_VOUCHER_10500,SEASHELLS,3.0,15
2320,1126400,Camilla,Caesar,VOLCANIC_ROCK_VOUCHER_10500,SEASHELLS,3.0,20
2361,1128800,Camilla,Caesar,VOLCANIC_ROCK_VOUCHER_10500,SEASHELLS,3.0,12
2394,1130100,Camilla,Caesar,VOLCANIC_ROCK_VOUCHER_10500,SEASHELLS,3.0,11
2395,1130100,Caesar,Caesar,VOLCANIC_ROCK_VOUCHER_10500,SEASHELLS,3.0,1
2443,1131900,Camilla,Caesar,VOLCANIC_ROCK_VOUCHER_10500,SEASHELLS,3.0,14
2504,1135300,Camilla,Caesar,VOLCANIC_ROCK_VOUCHER_10500,SEASHELLS,4.0,13
2541,1137800,Camilla,Caesar,VOLCANIC_ROCK_VOUCHER_10500,SEASHELLS,3.0,16
2566,1138800,Camilla,Caesar,VOLCANIC_ROCK_VOUCHER_10500,SEASHELLS,3.0,14
2567,1138800,Caesar,Caesar,VOLCANIC_ROCK_VOUCHER_10500,SEASHELLS,3.0,2
2589,1140400,Camilla,Pablo,VOLCANIC_ROCK_VOUCHER_10500,SEASHELLS,3.0,5
2629,1141900,Camilla,Caesar,VOLCANIC_ROCK_VOUCHER_10500,SEASHELLS,3.0,10
2660,1142800,Camilla,Caesar,VOLCANIC_ROCK_VOUCHER_10500,SEASHELLS,3.0,14
2675,1143100,Camilla,Caesar,VOLCANIC_ROCK_VOUCHER_10500,SEASHELLS,3.0,12
2676,1143100,Caesar,Caesar,VOLCANIC_ROCK_VOUCHER_10500,SEASHELLS,3.0,2
2689,1143300,Camilla,Caesar,VOLCANIC_ROCK_VOUCHER_10500,SEASHELLS,3.0,18
2690,1143300,Caesar,Caesar,VOLCANIC_ROCK_VOUCHER_10500,SEASHELLS,3.0,1
2700,1143400,Camilla,Caesar,VOLCANIC_ROCK_VOUCHER_10500,SEASHELLS,3.0,12
2701,1143400,Caesar,Caesar,VOLCANIC_ROCK_VOUCHER_10500,SEASHELLS,3.0,2
2785,1147700,Camilla,Pablo,VOLCANIC_ROCK_VOUCHER_10500,SEASHELLS,3.0,9
2799,1148200,Camilla,Pablo,VOLCANIC_ROCK_VOUCHER_10500,SEASHELLS,2.0,11
2824,1149300,Camilla,Caesar,VOLCANIC_ROCK_VOUCHER_10500,SEASHELLS,2.0,10
2825,1149300,Caesar,Caesar,VOLCANIC_ROCK_VOUCHER_10500,SEASHELLS,2.0,1
2834,1149800,Camilla,Caesar,VOLCANIC_ROCK_VOUCHER_10500,SEASHELLS,2.0,10
2847,1150700,Camilla,Pablo,VOLCANIC_ROCK_VOUCHER_10500,SEASHELLS,2.0,9
2882,1152500,Camilla,Caesar,VOLCANIC_ROCK_VOUCHER_10500,SEASHELLS,2.0,16
2904,1153400,Penelope,Camilla,VOLCANIC_ROCK_VOUCHER_10500,SEASHELLS,3.0,10
2965,1158400,Penelope,Camilla,VOLCANIC_ROCK_VOUCHER_10500,SEASHELLS,3.0,10
2966,1158400,Penelope,Caesar,VOLCANIC_ROCK_VOUCHER_10500,SEASHELLS,3.0,2
2997,1160100,Camilla,Caesar,VOLCANIC_ROCK_VOUCHER_10500,SEASHELLS,2.0,16
3014,1161200,Camilla,Pablo,VOLCANIC_ROCK_VOUCHER_10500,SEASHELLS,2.0,10
3023,1161300,Camilla,Pablo,VOLCANIC_ROCK_VOUCHER_10500,SEASHELLS,2.0,12
3031,1161500,Camilla,Pablo,VOLCANIC_ROCK_VOUCHER_10500,SEASHELLS,2.0,8
3051,1162600,Camilla,Caesar,VOLCANIC_ROCK_VOUCHER_10500,SEASHELLS,2.0,14
3058,1162800,Camilla,Pablo,VOLCANIC_ROCK_VOUCHER_10500,SEASHELLS,2.0,5
3068,1163200,Camilla,Caesar,VOLCANIC_ROCK_VOUCHER_10500,SEASHELLS,2.0,11
3092,1164700,Camilla,Pablo,VOLCANIC_ROCK_VOUCHER_10500,SEASHELLS,2.0,11
3093,1164700,Caesar,Pablo,VOLCANIC_ROCK_VOUCHER_10500,SEASHELLS,2.0,1
3094,1164700,Caesar,Pablo,VOLCANIC_ROCK_VOUCHER_10500,SEASHELLS,2.0,2
3105,1164800,Camilla,Caesar,VOLCANIC_ROCK_VOUCHER_10500,SEASHELLS,2.0,11
3106,1164800,Caesar,Caesar,VOLCANIC_ROCK_VOUCHER_10500,SEASHELLS,2.0,2
3121,1165100,Camilla,Caesar,VOLCANIC_ROCK_VOUCHER_10500,SEASHELLS,2.0,13
3122,1165100,Caesar,Caesar,VOLCANIC_ROCK_VOUCHER_10500,SEASHELLS,2.0,1
3134,1165200,Camilla,Caesar,VOLCANIC_ROCK_VOUCHER_10500,SEASHELLS,2.0,10
3135,1165200,Caesar,Caesar,VOLCANIC_ROCK_VOUCHER_10500,SEASHELLS,2.0,2
3148,1165600,Camilla,Caesar,VOLCANIC_ROCK_VOUCHER_10500,SEASHELLS,2.0,15
3177,1166700,Camilla,Caesar,VOLCANIC_ROCK_VOUCHER_10500,SEASHELLS,2.0,14
3190,1167600,Camilla,Pablo,VOLCANIC_ROCK_VOUCHER_10500,SEASHELLS,3.0,11
3196,1167800,Camilla,Caesar,VOLCANIC_ROCK_VOUCHER_10500,SEASHELLS,3.0,10
3234,1170000,Camilla,Caesar,VOLCANIC_ROCK_VOUCHER_10500,SEASHELLS,3.0,10
3235,1170000,Caesar,Caesar,VOLCANIC_ROCK_VOUCHER_10500,SEASHELLS,3.0,1
3246,1170400,Camilla,Caesar,VOLCANIC_ROCK_VOUCHER_10500,SEASHELLS,3.0,16
3247,1170400,Caesar,Caesar,VOLCANIC_ROCK_VOUCHER_10500,SEASHELLS,3.0,2
3257,1170700,Camilla,Caesar,VOLCANIC_ROCK_VOUCHER_10500,SEASHELLS,3.0,17
3286,1172100,Camilla,Pablo,VOLCANIC_ROCK_VOUCHER_10500,SEASHELLS,3.0,8
3304,1172700,Camilla,Caesar,VOLCANIC_ROCK_VOUCHER_10500,SEASHELLS,3.0,19
3333,1174200,Camilla,Caesar,VOLCANIC_ROCK_VOUCHER_10500,SEASHELLS,3.0,15
3334,1174200,Caesar,Caesar,VOLCANIC_ROCK_VOUCHER_10500,SEASHELLS,3.0,1
3392,1176500,Camilla,Caesar,VOLCANIC_ROCK_VOUCHER_10500,SEASHELLS,3.0,13
3393,1176500,Caesar,Caesar,VOLCANIC_ROCK_VOUCHER_10500,SEASHELLS,3.0,1
3394,1176500,Pablo,Caesar,VOLCANIC_ROCK_VOUCHER_10500,SEASHELLS,3.0,2
3407,1177100,Camilla,Caesar,VOLCANIC_ROCK_VOUCHER_10500,SEASHELLS,3.0,14
3439,1179100,Camilla,Caesar,VOLCANIC_ROCK_VOUCHER_10500,SEASHELLS,2.0,11
3454,1179700,Camilla,Caesar,VOLCANIC_ROCK_VOUCHER_10500,SEASHELLS,2.0,14
3467,1180200,Camilla,Caesar,VOLCANIC_ROCK_VOUCHER_10500,SEASHELLS,2.0,16
3468,1180200,Caesar,Caesar,VOLCANIC_ROCK_VOUCHER_10500,SEASHELLS,2.0,1
3507,1182100,Camilla,Pablo,VOLCANIC_ROCK_VOUCHER_10500,SEASHELLS,2.0,6
3543,1183900,Camilla,Pablo,VOLCANIC_ROCK_VOUCHER_10500,SEASHELLS,2.0,10
3597,1188100,Camilla,Caesar,VOLCANIC_ROCK_VOUCHER_10500,SEASHELLS,3.0,17
3613,1188500,Camilla,Pablo,VOLCANIC_ROCK_VOUCHER_10500,SEASHELLS,3.0,10
3620,1188600,Camilla,Pablo,VOLCANIC_ROCK_VOUCHER_10500,SEASHELLS,3.0,9
3707,1193500,Camilla,Caesar,VOLCANIC_ROCK_VOUCHER_10500,SEASHELLS,4.0,11
3715,1193600,Camilla,Caesar,VOLCANIC_ROCK_VOUCHER_10500,SEASHELLS,3.0,15
3729,1194700,Camilla,Caesar,VOLCANIC_ROCK_VOUCHER_10500,SEASHELLS,4.0,15
3750,1195900,Camilla,Caesar,VOLCANIC_ROCK_VOUCHER_10500,SEASHELLS,3.0,13
3768,1196700,Camilla,Caesar,VOLCANIC_ROCK_VOUCHER_10500,SEASHELLS,3.0,13
3777,1196900,Camilla,Caesar,VOLCANIC_ROCK_VOUCHER_10500,SEASHELLS,3.0,10
3790,1197500,Camilla,Caesar,VOLCANIC_ROCK_VOUCHER_10500,SEASHELLS,3.0,17
3791,1197500,Caesar,Caesar,VOLCANIC_ROCK_VOUCHER_10500,SEASHELLS,3.0,1
3819,1199600,Camilla,Caesar,VOLCANIC_ROCK_VOUCHER_10500,SEASHELLS,3.0,18
3854,1201100,Camilla,Caesar,VOLCANIC_ROCK_VOUCHER_10500,SEASHELLS,3.0,12
3875,1202500,Camilla,Caesar,VOLCANIC_ROCK_VOUCHER_10500,SEASHELLS,3.0,10
3905,1204400,Camilla,Pablo,VOLCANIC_ROCK_VOUCHER_10500,SEASHELLS,3.0,11
3906,1204400,Caesar,Pablo,VOLCANIC_ROCK_VOUCHER_10500,SEASHELLS,3.0,1
3944,1206400,Camilla,Caesar,VOLCANIC_ROCK_VOUCHER_10500,SEASHELLS,4.0,11
3945,1206400,Caesar,Caesar,VOLCANIC_ROCK_VOUCHER_10500,SEASHELLS,4.0,1
3975,1208000,Camilla,Caesar,VOLCANIC_ROCK_VOUCHER_10500,SEASHELLS,4.0,13
3988,1208400,Camilla,Pablo,VOLCANIC_ROCK_VOUCHER_10500,SEASHELLS,4.0,7
4015,1210000,Camilla,Pablo,VOLCANIC_ROCK_VOUCHER_10500,SEASHELLS,4.0,14
4062,1213600,Camilla,Pablo,VOLCANIC_ROCK_VOUCHER_10500,SEASHELLS,4.0,12
4094,1216000,Camilla,Pablo,VOLCANIC_ROCK_VOUCHER_10500,SEASHELLS,4.0,5
4107,1216400,Camilla,Caesar,VOLCANIC_ROCK_VOUCHER_10500,SEASHELLS,4.0,10
4108,1216400,Caesar,Caesar,VOLCANIC_ROCK_VOUCHER_10500,SEASHELLS,4.0,1
4171,1221100,Camilla,Caesar,VOLCANIC_ROCK_VOUCHER_10500,SEASHELLS,5.0,13
4172,1221100,Caesar,Caesar,VOLCANIC_ROCK_VOUCHER_10500,SEASHELLS,5.0,2
4185,1221600,Camilla,Caesar,VOLCANIC_ROCK_VOUCHER_10500,SEASHELLS,4.0,10
4222,1223500,Camilla,Pablo,VOLCANIC_ROCK_VOUCHER_10500,SEASHELLS,5.0,9
4227,1223600,Camilla,Caesar,VOLCANIC_ROCK_VOUCHER_10500,SEASHELLS,5.0,13
4232,1223800,Camilla,Caesar,VOLCANIC_ROCK_VOUCHER_10500,SEASHELLS,4.0,12
4242,1224300,Camilla,Pablo,VOLCANIC_ROCK_VOUCHER_10500,SEASHELLS,5.0,10
4243,1224300,Caesar,Pablo,VOLCANIC_ROCK_VOUCHER_10500,SEASHELLS,5.0,1
4252,1224400,Camilla,Caesar,VOLCANIC_ROCK_VOUCHER_10500,SEASHELLS,4.0,10
4272,1225700,Camilla,Caesar,VOLCANIC_ROCK_VOUCHER_10500,SEASHELLS,5.0,11
4292,1227700,Camilla,Caesar,VOLCANIC_ROCK_VOUCHER_10500,SEASHELLS,5.0,12
4324,1229900,Camilla,Caesar,VOLCANIC_ROCK_VOUCHER_10500,SEASHELLS,5.0,11
4325,1229900,Caesar,Caesar,VOLCANIC_ROCK_VOUCHER_10500,SEASHELLS,5.0,2
4363,1231600,Camilla,Caesar,VOLCANIC_ROCK_VOUCHER_10500,SEASHELLS,5.0,18
4364,1231600,Camilla,Pablo,VOLCANIC_ROCK_VOUCHER_10500,SEASHELLS,5.0,2
4365,1231600,Caesar,Pablo,VOLCANIC_ROCK_VOUCHER_10500,SEASHELLS,5.0,1
4395,1232900,Camilla,Caesar,VOLCANIC_ROCK_VOUCHER_10500,SEASHELLS,5.0,12
4453,1236000,Camilla,Caesar,VOLCANIC_ROCK_VOUCHER_10500,SEASHELLS,5.0,18
4454,1236000,Caesar,Caesar,VOLCANIC_ROCK_VOUCHER_10500,SEASHELLS,5.0,1
4455,1236000,Camilla,Pablo,VOLCANIC_ROCK_VOUCHER_10500,SEASHELLS,5.0,0
4456,1236000,Caesar,Pablo,VOLCANIC_ROCK_VOUCHER_10500,SEASHELLS,5.0,1
4494,1238200,Camilla,Caesar,VOLCANIC_ROCK_VOUCHER_10500,SEASHELLS,5.0,13
4510,1238600,Camilla,Caesar,VOLCANIC_ROCK_VOUCHER_10500,SEASHELLS,5.0,15
4543,1241200,Camilla,Caesar,VOLCANIC_ROCK_VOUCHER_10500,SEASHELLS,5.0,11
4552,1241800,Camilla,Caesar,VOLCANIC_ROCK_VOUCHER_10500,SEASHELLS,5.0,13
4592,1244200,Camilla,Caesar,VOLCANIC_ROCK_VOUCHER_10500,SEASHELLS,5.0,11
4593,1244200,Caesar,Caesar,VOLCANIC_ROCK_VOUCHER_10500,SEASHELLS,5.0,1
4617,1245100,Camilla,Caesar,VOLCANIC_ROCK_VOUCHER_10500,SEASHELLS,5.0,12
4688,1248100,Camilla,Caesar,VOLCANIC_ROCK_VOUCHER_10500,SEASHELLS,5.0,10
4689,1248100,Caesar,Caesar,VOLCANIC_ROCK_VOUCHER_10500,SEASHELLS,5.0,1
4707,1248400,Camilla,Caesar,VOLCANIC_ROCK_VOUCHER_10500,SEASHELLS,5.0,12
4708,1248400,Caesar,Caesar,VOLCANIC_ROCK_VOUCHER_10500,SEASHELLS,5.0,1
4720,1248800,Camilla,Caesar,VOLCANIC_ROCK_VOUCHER_10500,SEASHELLS,5.0,12
4726,1249000,Camilla,Caesar,VOLCANIC_ROCK_VOUCHER_10500,SEASHELLS,5.0,16
4858,1257300,Camilla,Caesar,VOLCANIC_ROCK_VOUCHER_10500,SEASHELLS,4.0,15
4934,1261800,Camilla,Caesar,VOLCANIC_ROCK_VOUCHER_10500,SEASHELLS,4.0,18
4959,1262700,Camilla,Caesar,VOLCANIC_ROCK_VOUCHER_10500,SEASHELLS,4.0,11
4979,1263900,Camilla,Caesar,VOLCANIC_ROCK_VOUCHER_10500,SEASHELLS,5.0,13
5030,1268000,Camilla,Pablo,VOLCANIC_ROCK_VOUCHER_10500,SEASHELLS,4.0,10
5046,1268500,Camilla,Pablo,VOLCANIC_ROCK_VOUCHER_10500,SEASHELLS,4.0,6
5053,1268700,Camilla,Caesar,VOLCANIC_ROCK_VOUCHER_10500,SEASHELLS,4.0,10
5054,1268700,Caesar,Caesar,VOLCANIC_ROCK_VOUCHER_10500,SEASHELLS,4.0,1
5095,1270900,Camilla,Pablo,VOLCANIC_ROCK_VOUCHER_10500,SEASHELLS,4.0,13
5104,1271000,Camilla,Caesar,VOLCANIC_ROCK_VOUCHER_10500,SEASHELLS,4.0,12
5122,1272000,Camilla,Caesar,VOLCANIC_ROCK_VOUCHER_10500,SEASHELLS,4.0,16
5138,1272600,Camilla,Caesar,VOLCANIC_ROCK_VOUCHER_10500,SEASHELLS,4.0,14
5139,1272600,Caesar,Caesar,VOLCANIC_ROCK_VOUCHER_10500,SEASHELLS,4.0,1
5162,1274100,Camilla,Caesar,VOLCANIC_ROCK_VOUCHER_10500,SEASHELLS,5.0,15
5186,1275300,Camilla,Caesar,VOLCANIC_ROCK_VOUCHER_10500,SEASHELLS,5.0,11
5187,1275300,Caesar,Caesar,VOLCANIC_ROCK_VOUCHER_10500,SEASHELLS,5.0,1
5216,1277200,Camilla,Caesar,VOLCANIC_ROCK_VOUCHER_10500,SEASHELLS,4.0,17
5232,1278200,Camilla,Caesar,VOLCANIC_ROCK_VOUCHER_10500,SEASHELLS,4.0,16
5233,1278200,Caesar,Caesar,VOLCANIC_ROCK_VOUCHER_10500,SEASHELLS,4.0,1
5258,1279100,Camilla,Caesar,VOLCANIC_ROCK_VOUCHER_10500,SEASHELLS,4.0,13
5259,1279100,Caesar,Caesar,VOLCANIC_ROCK_VOUCHER_10500,SEASHELLS,4.0,2
5282,1280200,Camilla,Caesar,VOLCANIC_ROCK_VOUCHER_10500,SEASHELLS,5.0,16
5283,1280200,Caesar,Caesar,VOLCANIC_ROCK_VOUCHER_10500,SEASHELLS,5.0,1
5369,1283800,Camilla,Caesar,VOLCANIC_ROCK_VOUCHER_10500,SEASHELLS,5.0,15
5417,1287000,Camilla,Pablo,VOLCANIC_ROCK_VOUCHER_10500,SEASHELLS,4.0,6
5448,1289200,Camilla,Pablo,VOLCANIC_ROCK_VOUCHER_10500,SEASHELLS,4.0,5
5569,1296400,Camilla,Caesar,VOLCANIC_ROCK_VOUCHER_10500,SEASHELLS,4.0,10
5616,1299600,Camilla,Caesar,VOLCANIC_ROCK_VOUCHER_10500,SEASHELLS,4.0,14
5651,1302000,Camilla,Caesar,VOLCANIC_ROCK_VOUCHER_10500,SEASHELLS,4.0,13
5705,1305400,Camilla,Caesar,VOLCANIC_ROCK_VOUCHER_10500,SEASHELLS,5.0,14
5757,1309100,Camilla,Caesar,VOLCANIC_ROCK_VOUCHER_10500,SEASHELLS,5.0,10
5758,1309100,Caesar,Caesar,VOLCANIC_ROCK_VOUCHER_10500,SEASHELLS,5.0,1
5768,1309200,Camilla,Caesar,VOLCANIC_ROCK_VOUCHER_10500,SEASHELLS,5.0,14
5777,1309600,Camilla,Caesar,VOLCANIC_ROCK_VOUCHER_10500,SEASHELLS,5.0,15
5799,1310700,Camilla,Pablo,VOLCANIC_ROCK_VOUCHER_10500,SEASHELLS,5.0,7
5824,1312200,Camilla,Caesar,VOLCANIC_ROCK_VOUCHER_10500,SEASHELLS,5.0,12
5825,1312200,Caesar,Caesar,VOLCANIC_ROCK_VOUCHER_10500,SEASHELLS,5.0,1
5834,1312700,Camilla,Caesar,VOLCANIC_ROCK_VOUCHER_10500,SEASHELLS,5.0,16
5866,1314100,Camilla,Caesar,VOLCANIC_ROCK_VOUCHER_10500,SEASHELLS,4.0,17
5894,1315500,Camilla,Caesar,VOLCANIC_ROCK_VOUCHER_10500,SEASHELLS,5.0,14
5895,1315500,Caesar,Caesar,VOLCANIC_ROCK_VOUCHER_10500,SEASHELLS,5.0,1
5924,1317400,Camilla,Pablo,VOLCANIC_ROCK_VOUCHER_10500,SEASHELLS,5.0,11
5925,1317400,Caesar,Pablo,VOLCANIC_ROCK_VOUCHER_10500,SEASHELLS,5.0,2
5952,1318700,Camilla,Pablo,VOLCANIC_ROCK_VOUCHER_10500,SEASHELLS,5.0,9
5984,1320700,Camilla,Caesar,VOLCANIC_ROCK_VOUCHER_10500,SEASHELLS,5.0,13
6000,1321400,Camilla,Caesar,VOLCANIC_ROCK_VOUCHER_10500,SEASHELLS,6.0,14
6001,1321400,Caesar,Caesar,VOLCANIC_ROCK_VOUCHER_10500,SEASHELLS,6.0,1
6009,1321600,Camilla,Caesar,VOLCANIC_ROCK_VOUCHER_10500,SEASHELLS,7.0,13
6047,1324800,Camilla,Pablo,VOLCANIC_ROCK_VOUCHER_10500,SEASHELLS,6.0,13
6056,1325000,Camilla,Pablo,VOLCANIC_ROCK_VOUCHER_10500,SEASHELLS,5.0,10
6057,1325000,Caesar,Pablo,VOLCANIC_ROCK_VOUCHER_10500,SEASHELLS,5.0,1
6066,1325300,Camilla,Caesar,VOLCANIC_ROCK_VOUCHER_10500,SEASHELLS,6.0,12
6113,1329000,Camilla,Caesar,VOLCANIC_ROCK_VOUCHER_10500,SEASHELLS,6.0,10
6114,1329000,Caesar,Caesar,VOLCANIC_ROCK_VOUCHER_10500,SEASHELLS,6.0,1
6137,1330100,Camilla,Caesar,VOLCANIC_ROCK_VOUCHER_10500,SEASHELLS,6.0,13
6164,1331900,Camilla,Caesar,VOLCANIC_ROCK_VOUCHER_10500,SEASHELLS,6.0,12
6183,1333300,Camilla,Caesar,VOLCANIC_ROCK_VOUCHER_10500,SEASHELLS,6.0,15
6184,1333300,Caesar,Caesar,VOLCANIC_ROCK_VOUCHER_10500,SEASHELLS,6.0,1
6197,1334100,Camilla,Caesar,VOLCANIC_ROCK_VOUCHER_10500,SEASHELLS,5.0,20
6284,1339600,Camilla,Caesar,VOLCANIC_ROCK_VOUCHER_10500,SEASHELLS,6.0,18
6319,1341900,Camilla,Caesar,VOLCANIC_ROCK_VOUCHER_10500,SEASHELLS,6.0,12
6347,1343700,Camilla,Caesar,VOLCANIC_ROCK_VOUCHER_10500,SEASHELLS,6.0,15
6348,1343700,Caesar,Caesar,VOLCANIC_ROCK_VOUCHER_10500,SEASHELLS,6.0,2
6387,1345300,Camilla,Pablo,VOLCANIC_ROCK_VOUCHER_10500,SEASHELLS,6.0,7
6463,1350000,Camilla,Caesar,VOLCANIC_ROCK_VOUCHER_10500,SEASHELLS,6.0,15
6470,1350300,Camilla,Caesar,VOLCANIC_ROCK_VOUCHER_10500,SEASHELLS,6.0,17
6477,1350400,Camilla,Caesar,VOLCANIC_ROCK_VOUCHER_10500,SEASHELLS,6.0,13
6487,1351000,Camilla,Caesar,VOLCANIC_ROCK_VOUCHER_10500,SEASHELLS,6.0,11
6495,1351300,Camilla,Caesar,VOLCANIC_ROCK_VOUCHER_10500,SEASHELLS,6.0,12
6496,1351300,Caesar,Caesar,VOLCANIC_ROCK_VOUCHER_10500,SEASHELLS,6.0,2
6508,1351800,Camilla,Caesar,VOLCANIC_ROCK_VOUCHER_10500,SEASHELLS,6.0,15
6556,1354100,Camilla,Pablo,VOLCANIC_ROCK_VOUCHER_10500,SEASHELLS,5.0,12
6561,1354300,Camilla,Caesar,VOLCANIC_ROCK_VOUCHER_10500,SEASHELLS,5.0,10
6571,1354600,Camilla,Caesar,VOLCANIC_ROCK_VOUCHER_10500,SEASHELLS,5.0,14
6585,1356000,Camilla,Caesar,VOLCANIC_ROCK_VOUCHER_10500,SEASHELLS,5.0,12
6590,1356200,Camilla,Pablo,VOLCANIC_ROCK_VOUCHER_10500,SEASHELLS,5.0,9
6603,1356600,Camilla,Pablo,VOLCANIC_ROCK_VOUCHER_10500,SEASHELLS,5.0,11
6604,1356600,Caesar,Pablo,VOLCANIC_ROCK_VOUCHER_10500,SEASHELLS,5.0,1
6639,1358300,Camilla,Caesar,VOLCANIC_ROCK_VOUCHER_10500,SEASHELLS,5.0,10
6640,1358300,Caesar,Caesar,VOLCANIC_ROCK_VOUCHER_10500,SEASHELLS,5.0,2
6661,1360000,Camilla,Pablo,VOLCANIC_ROCK_VOUCHER_10500,SEASHELLS,4.0,11
6681,1360900,Camilla,Caesar,VOLCANIC_ROCK_VOUCHER_10500,SEASHELLS,4.0,15
6682,1360900,Caesar,Caesar,VOLCANIC_ROCK_VOUCHER_10500,SEASHELLS,4.0,1
6749,1363300,Camilla,Caesar,VOLCANIC_ROCK_VOUCHER_10500,SEASHELLS,4.0,11
6750,1363300,Caesar,Caesar,VOLCANIC_ROCK_VOUCHER_10500,SEASHELLS,4.0,2
6804,1366600,Camilla,Pablo,VOLCANIC_ROCK_VOUCHER_10500,SEASHELLS,5.0,10
6829,1368500,Camilla,Caesar,VOLCANIC_ROCK_VOUCHER_10500,SEASHELLS,5.0,12
6840,1369000,Camilla,Pablo,VOLCANIC_ROCK_VOUCHER_10500,SEASHELLS,5.0,10
6876,1371400,Camilla,Pablo,VOLCANIC_ROCK_VOUCHER_10500,SEASHELLS,4.0,9
6904,1372400,Camilla,Caesar,VOLCANIC_ROCK_VOUCHER_10500,SEASHELLS,4.0,15
6915,1372800,Camilla,Pablo,VOLCANIC_ROCK_VOUCHER_10500,SEASHELLS,4.0,12
6937,1373800,Camilla,Caesar,VOLCANIC_ROCK_VOUCHER_10500,SEASHELLS,4.0,11
6938,1373800,Caesar,Caesar,VOLCANIC_ROCK_VOUCHER_10500,SEASHELLS,4.0,2
6939,1373800,Pablo,Caesar,VOLCANIC_ROCK_VOUCHER_10500,SEASHELLS,4.0,7
6978,1376100,Camilla,Caesar,VOLCANIC_ROCK_VOUCHER_10500,SEASHELLS,4.0,14
7011,1377600,Camilla,Caesar,VOLCANIC_ROCK_VOUCHER_10500,SEASHELLS,4.0,19
7045,1380900,Camilla,Caesar,VOLCANIC_ROCK_VOUCHER_10500,SEASHELLS,5.0,16
7046,1380900,Caesar,Caesar,VOLCANIC_ROCK_VOUCHER_10500,SEASHELLS,5.0,1
7070,1382100,Camilla,Caesar,VOLCANIC_ROCK_VOUCHER_10500,SEASHELLS,5.0,16
7071,1382100,Caesar,Caesar,VOLCANIC_ROCK_VOUCHER_10500,SEASHELLS,5.0,1
7110,1383900,Camilla,Caesar,VOLCANIC_ROCK_VOUCHER_10500,SEASHELLS,5.0,16
7119,1384000,Camilla,Pablo,VOLCANIC_ROCK_VOUCHER_10500,SEASHELLS,5.0,6
7167,1386700,Camilla,Caesar,VOLCANIC_ROCK_VOUCHER_10500,SEASHELLS,5.0,15
7168,1386700,Caesar,Caesar,VOLCANIC_ROCK_VOUCHER_10500,SEASHELLS,5.0,1
7198,1388300,Camilla,Caesar,VOLCANIC_ROCK_VOUCHER_10500,SEASHELLS,5.0,15
7199,1388300,Caesar,Caesar,VOLCANIC_ROCK_VOUCHER_10500,SEASHELLS,5.0,1
7225,1389100,Camilla,Caesar,VOLCANIC_ROCK_VOUCHER_10500,SEASHELLS,5.0,12
7226,1389100,Caesar,Caesar,VOLCANIC_ROCK_VOUCHER_10500,SEASHELLS,5.0,1
7284,1392900,Camilla,Caesar,VOLCANIC_ROCK_VOUCHER_10500,SEASHELLS,5.0,10
7307,1394200,Camilla,Caesar,VOLCANIC_ROCK_VOUCHER_10500,SEASHELLS,5.0,14
7334,1395100,Camilla,Caesar,VOLCANIC_ROCK_VOUCHER_10500,SEASHELLS,5.0,15
7335,1395100,Caesar,Caesar,VOLCANIC_ROCK_VOUCHER_10500,SEASHELLS,5.0,2
7360,1396800,Camilla,Pablo,VOLCANIC_ROCK_VOUCHER_10500,SEASHELLS,5.0,7
7371,1397100,Camilla,Caesar,VOLCANIC_ROCK_VOUCHER_10500,SEASHELLS,5.0,14
7372,1397100,Caesar,Caesar,VOLCANIC_ROCK_VOUCHER_10500,SEASHELLS,5.0,1
7383,1397400,Camilla,Caesar,VOLCANIC_ROCK_VOUCHER_10500,SEASHELLS,5.0,16
7384,1397400,Caesar,Caesar,VOLCANIC_ROCK_VOUCHER_10500,SEASHELLS,5.0,1
7397,1397700,Camilla,Caesar,VOLCANIC_ROCK_VOUCHER_10500,SEASHELLS,6.0,14
7398,1397700,Caesar,Caesar,VOLCANIC_ROCK_VOUCHER_10500,SEASHELLS,6.0,1
7442,1400400,Camilla,Pablo,VOLCANIC_ROCK_VOUCHER_10500,SEASHELLS,5.0,13
7460,1401600,Camilla,Pablo,VOLCANIC_ROCK_VOUCHER_10500,SEASHELLS,5.0,8
7527,1404500,Camilla,Caesar,VOLCANIC_ROCK_VOUCHER_10500,SEASHELLS,5.0,16
7528,1404500,Caesar,Caesar,VOLCANIC_ROCK_VOUCHER_10500,SEASHELLS,5.0,1
7544,1405000,Camilla,Caesar,VOLCANIC_ROCK_VOUCHER_10500,SEASHELLS,5.0,10
7557,1405700,Camilla,Caesar,VOLCANIC_ROCK_VOUCHER_10500,SEASHELLS,5.0,11
7600,1407500,Camilla,Caesar,VOLCANIC_ROCK_VOUCHER_10500,SEASHELLS,5.0,12
7610,1407700,Camilla,Caesar,VOLCANIC_ROCK_VOUCHER_10500,SEASHELLS,5.0,10
7611,1407700,Caesar,Caesar,VOLCANIC_ROCK_VOUCHER_10500,SEASHELLS,5.0,1
7641,1409000,Camilla,Caesar,VOLCANIC_ROCK_VOUCHER_10500,SEASHELLS,6.0,15
7642,1409000,Caesar,Caesar,VOLCANIC_ROCK_VOUCHER_10500,SEASHELLS,6.0,1
7660,1409700,Camilla,Caesar,VOLCANIC_ROCK_VOUCHER_10500,SEASHELLS,5.0,11
7661,1409700,Caesar,Caesar,VOLCANIC_ROCK_VOUCHER_10500,SEASHELLS,5.0,1
7698,1411800,Camilla,Caesar,VOLCANIC_ROCK_VOUCHER_10500,SEASHELLS,5.0,15
7699,1411800,Caesar,Caesar,VOLCANIC_ROCK_VOUCHER_10500,SEASHELLS,5.0,1
7719,1412600,Camilla,Caesar,VOLCANIC_ROCK_VOUCHER_10500,SEASHELLS,5.0,18
7746,1413900,Camilla,Pablo,VOLCANIC_ROCK_VOUCHER_10500,SEASHELLS,5.0,5
7820,1419300,Camilla,Caesar,VOLCANIC_ROCK_VOUCHER_10500,SEASHELLS,5.0,15
7825,1419400,Camilla,Caesar,VOLCANIC_ROCK_VOUCHER_10500,SEASHELLS,5.0,16
7844,1420900,Camilla,Caesar,VOLCANIC_ROCK_VOUCHER_10500,SEASHELLS,4.0,17
7889,1424000,Camilla,Caesar,VOLCANIC_ROCK_VOUCHER_10500,SEASHELLS,4.0,16
7904,1424800,Camilla,Pablo,VOLCANIC_ROCK_VOUCHER_10500,SEASHELLS,4.0,10
7927,1425500,Camilla,Caesar,VOLCANIC_ROCK_VOUCHER_10500,SEASHELLS,4.0,11
8011,1430500,Camilla,Caesar,VOLCANIC_ROCK_VOUCHER_10500,SEASHELLS,3.0,13
8012,1430500,Caesar,Caesar,VOLCANIC_ROCK_VOUCHER_10500,SEASHELLS,3.0,2
8048,1432300,Camilla,Caesar,VOLCANIC_ROCK_VOUCHER_10500,SEASHELLS,3.0,12
8049,1432300,Caesar,Caesar,VOLCANIC_ROCK_VOUCHER_10500,SEASHELLS,3.0,1
8074,1433100,Camilla,Caesar,VOLCANIC_ROCK_VOUCHER_10500,SEASHELLS,3.0,13
8075,1433100,Caesar,Caesar,VOLCANIC_ROCK_VOUCHER_10500,SEASHELLS,3.0,2
8096,1434000,Camilla,Caesar,VOLCANIC_ROCK_VOUCHER_10500,SEASHELLS,3.0,13
8125,1435200,Camilla,Caesar,VOLCANIC_ROCK_VOUCHER_10500,SEASHELLS,3.0,16
8126,1435200,Caesar,Caesar,VOLCANIC_ROCK_VOUCHER_10500,SEASHELLS,3.0,1
8152,1436800,Camilla,Pablo,VOLCANIC_ROCK_VOUCHER_10500,SEASHELLS,3.0,15
8199,1439200,Camilla,Pablo,VOLCANIC_ROCK_VOUCHER_10500,SEASHELLS,3.0,7
8219,1440200,Camilla,Caesar,VOLCANIC_ROCK_VOUCHER_10500,SEASHELLS,3.0,10
8233,1440700,Camilla,Caesar,VOLCANIC_ROCK_VOUCHER_10500,SEASHELLS,3.0,16
8258,1441700,Camilla,Caesar,VOLCANIC_ROCK_VOUCHER_10500,SEASHELLS,3.0,11
8259,1441700,Caesar,Caesar,VOLCANIC_ROCK_VOUCHER_10500,SEASHELLS,3.0,1
8281,1443100,Camilla,Pablo,VOLCANIC_ROCK_VOUCHER_10500,SEASHELLS,3.0,7
8297,1443800,Camilla,Caesar,VOLCANIC_ROCK_VOUCHER_10500,SEASHELLS,3.0,14
8298,1443800,Caesar,Caesar,VOLCANIC_ROCK_VOUCHER_10500,SEASHELLS,3.0,2
8328,1445100,Camilla,Caesar,VOLCANIC_ROCK_VOUCHER_10500,SEASHELLS,3.0,11
8329,1445100,Caesar,Caesar,VOLCANIC_ROCK_VOUCHER_10500,SEASHELLS,3.0,2
8356,1446200,Camilla,Pablo,VOLCANIC_ROCK_VOUCHER_10500,SEASHELLS,3.0,11
8387,1447300,Camilla,Caesar,VOLCANIC_ROCK_VOUCHER_10500,SEASHELLS,3.0,15
8395,1447700,Camilla,Pablo,VOLCANIC_ROCK_VOUCHER_10500,SEASHELLS,3.0,9
8404,1448100,Camilla,Pablo,VOLCANIC_ROCK_VOUCHER_10500,SEASHELLS,3.0,6
8511,1455200,Camilla,Caesar,VOLCANIC_ROCK_VOUCHER_10500,SEASHELLS,3.0,15
8521,1455600,Camilla,Caesar,VOLCANIC_ROCK_VOUCHER_10500,SEASHELLS,3.0,17
8522,1455600,Caesar,Caesar,VOLCANIC_ROCK_VOUCHER_10500,SEASHELLS,3.0,1
8549,1457300,Camilla,Pablo,VOLCANIC_ROCK_VOUCHER_10500,SEASHELLS,3.0,9
8568,1458000,Camilla,Caesar,VOLCANIC_ROCK_VOUCHER_10500,SEASHELLS,3.0,16
8585,1458900,Camilla,Caesar,VOLCANIC_ROCK_VOUCHER_10500,SEASHELLS,3.0,17
8586,1458900,Caesar,Caesar,VOLCANIC_ROCK_VOUCHER_10500,SEASHELLS,3.0,1
8654,1463500,Camilla,Caesar,VOLCANIC_ROCK_VOUCHER_10500,SEASHELLS,3.0,14
8655,1463500,Caesar,Caesar,VOLCANIC_ROCK_VOUCHER_10500,SEASHELLS,3.0,1
8679,1464800,Camilla,Pablo,VOLCANIC_ROCK_VOUCHER_10500,SEASHELLS,3.0,5
8694,1465900,Camilla,Caesar,VOLCANIC_ROCK_VOUCHER_10500,SEASHELLS,3.0,12
8695,1465900,Caesar,Caesar,VOLCANIC_ROCK_VOUCHER_10500,SEASHELLS,3.0,2
8716,1467200,Camilla,Caesar,VOLCANIC_ROCK_VOUCHER_10500,SEASHELLS,2.0,13
8730,1467900,Camilla,Caesar,VOLCANIC_ROCK_VOUCHER_10500,SEASHELLS,2.0,13
8745,1468400,Camilla,Caesar,VOLCANIC_ROCK_VOUCHER_10500,SEASHELLS,2.0,14
8750,1468600,Camilla,Caesar,VOLCANIC_ROCK_VOUCHER_10500,SEASHELLS,2.0,13
8794,1470700,Camilla,Pablo,VOLCANIC_ROCK_VOUCHER_10500,SEASHELLS,3.0,5
8822,1471800,Camilla,Caesar,VOLCANIC_ROCK_VOUCHER_10500,SEASHELLS,3.0,12
8823,1471800,Caesar,Caesar,VOLCANIC_ROCK_VOUCHER_10500,SEASHELLS,3.0,1
8839,1472300,Camilla,Caesar,VOLCANIC_ROCK_VOUCHER_10500,SEASHELLS,3.0,11
8840,1472300,Caesar,Caesar,VOLCANIC_ROCK_VOUCHER_10500,SEASHELLS,3.0,1
8896,1474400,Camilla,Caesar,VOLCANIC_ROCK_VOUCHER_10500,SEASHELLS,3.0,15
8897,1474400,Caesar,Caesar,VOLCANIC_ROCK_VOUCHER_10500,SEASHELLS,3.0,2
8910,1475000,Camilla,Pablo,VOLCANIC_ROCK_VOUCHER_10500,SEASHELLS,3.0,6
8973,1478600,Camilla,Caesar,VOLCANIC_ROCK_VOUCHER_10500,SEASHELLS,2.0,12
8987,1479500,Camilla,Caesar,VOLCANIC_ROCK_VOUCHER_10500,SEASHELLS,2.0,11
8993,1479700,Camilla,Caesar,VOLCANIC_ROCK_VOUCHER_10500,SEASHELLS,3.0,12
9001,1480000,Camilla,Pablo,VOLCANIC_ROCK_VOUCHER_10500,SEASHELLS,3.0,5
9018,1481000,Camilla,Caesar,VOLCANIC_ROCK_VOUCHER_10500,SEASHELLS,3.0,13
9027,1481300,Camilla,Caesar,VOLCANIC_ROCK_VOUCHER_10500,SEASHELLS,3.0,10
9028,1481300,Caesar,Caesar,VOLCANIC_ROCK_VOUCHER_10500,SEASHELLS,3.0,1
9049,1482200,Camilla,Caesar,VOLCANIC_ROCK_VOUCHER_10500,SEASHELLS,3.0,17
9050,1482200,Caesar,Caesar,VOLCANIC_ROCK_VOUCHER_10500,SEASHELLS,3.0,2
9088,1484100,Camilla,Caesar,VOLCANIC_ROCK_VOUCHER_10500,SEASHELLS,3.0,12
9089,1484100,Caesar,Caesar,VOLCANIC_ROCK_VOUCHER_10500,SEASHELLS,3.0,1
9097,1484400,Camilla,Caesar,VOLCANIC_ROCK_VOUCHER_10500,SEASHELLS,3.0,16
9111,1484900,Camilla,Pablo,VOLCANIC_ROCK_VOUCHER_10500,SEASHELLS,3.0,15
9118,1485100,Camilla,Caesar,VOLCANIC_ROCK_VOUCHER_10500,SEASHELLS,2.0,12
9234,1491600,Camilla,Pablo,VOLCANIC_ROCK_VOUCHER_10500,SEASHELLS,3.0,9
9305,1496200,Camilla,Caesar,VOLCANIC_ROCK_VOUCHER_10500,SEASHELLS,3.0,16
9324,1496700,Camilla,Caesar,VOLCANIC_ROCK_VOUCHER_10500,SEASHELLS,3.0,11
9325,1496700,Caesar,Caesar,VOLCANIC_ROCK_VOUCHER_10500,SEASHELLS,3.0,2
9383,1499100,Camilla,Caesar,VOLCANIC_ROCK_VOUCHER_10500,SEASHELLS,3.0,18
9384,1499100,Caesar,Caesar,VOLCANIC_ROCK_VOUCHER_10500,SEASHELLS,3.0,1
9405,1500700,Camilla,Caesar,VOLCANIC_ROCK_VOUCHER_10500,SEASHELLS,3.0,16
9437,1502400,Camilla,Caesar,VOLCANIC_ROCK_VOUCHER_10500,SEASHELLS,3.0,14
9438,1502400,Caesar,Caesar,VOLCANIC_ROCK_VOUCHER_10500,SEASHELLS,3.0,1
9447,1502700,Camilla,Caesar,VOLCANIC_ROCK_VOUCHER_10500,SEASHELLS,3.0,18
9474,1503800,Camilla,Pablo,VOLCANIC_ROCK_VOUCHER_10500,SEASHELLS,3.0,14
9510,1506000,Camilla,Caesar,VOLCANIC_ROCK_VOUCHER_10500,SEASHELLS,2.0,15
9511,1506000,Caesar,Caesar,VOLCANIC_ROCK_VOUCHER_10500,SEASHELLS,2.0,1
9545,1508200,Camilla,Caesar,VOLCANIC_ROCK_VOUCHER_10500,SEASHELLS,2.0,17
9554,1508400,Camilla,Caesar,VOLCANIC_ROCK_VOUCHER_10500,SEASHELLS,2.0,17
9585,1510000,Camilla,Caesar,VOLCANIC_ROCK_VOUCHER_10500,SEASHELLS,2.0,15
9629,1512600,Camilla,Caesar,VOLCANIC_ROCK_VOUCHER_10500,SEASHELLS,2.0,10
9680,1515000,Camilla,Caesar,VOLCANIC_ROCK_VOUCHER_10500,SEASHELLS,2.0,11
9681,1515000,Caesar,Caesar,VOLCANIC_ROCK_VOUCHER_10500,SEASHELLS,2.0,1
9723,1517400,Camilla,Pablo,VOLCANIC_ROCK_VOUCHER_10500,SEASHELLS,2.0,6
9731,1517900,Penelope,Camilla,VOLCANIC_ROCK_VOUCHER_10500,SEASHELLS,3.0,12
9732,1517900,Penelope,Caesar,VOLCANIC_ROCK_VOUCHER_10500,SEASHELLS,3.0,1
9753,1519000,Camilla,Pablo,VOLCANIC_ROCK_VOUCHER_10500,SEASHELLS,2.0,5
9766,1519400,Camilla,Caesar,VOLCANIC_ROCK_VOUCHER_10500,SEASHELLS,3.0,11
9834,1523000,Camilla,Pablo,VOLCANIC_ROCK_VOUCHER_10500,SEASHELLS,3.0,13
9880,1525600,Camilla,Pablo,VOLCANIC_ROCK_VOUCHER_10500,SEASHELLS,3.0,9
9888,1526200,Camilla,Pablo,VOLCANIC_ROCK_VOUCHER_10500,SEASHELLS,3.0,8
9894,1526400,Camilla,Caesar,VOLCANIC_ROCK_VOUCHER_10500,SEASHELLS,3.0,17
9911,1527500,Camilla,Caesar,VOLCANIC_ROCK_VOUCHER_10500,SEASHELLS,3.0,10
9932,1529100,Camilla,Caesar,VOLCANIC_ROCK_VOUCHER_10500,SEASHELLS,3.0,12
9953,1530000,Camilla,Caesar,VOLCANIC_ROCK_VOUCHER_10500,SEASHELLS,3.0,12
9968,1531200,Camilla,Caesar,VOLCANIC_ROCK_VOUCHER_10500,SEASHELLS,3.0,12
9969,1531200,Caesar,Caesar,VOLCANIC_ROCK_VOUCHER_10500,SEASHELLS,3.0,1
9995,1532600,Camilla,Caesar,VOLCANIC_ROCK_VOUCHER_10500,SEASHELLS,3.0,16
10026,1534500,Camilla,Caesar,VOLCANIC_ROCK_VOUCHER_10500,SEASHELLS,3.0,14
10035,1534800,Camilla,Caesar,VOLCANIC_ROCK_VOUCHER_10500,SEASHELLS,3.0,18
10036,1534800,Caesar,Caesar,VOLCANIC_ROCK_VOUCHER_10500,SEASHELLS,3.0,1
10046,1534900,Camilla,Caesar,VOLCANIC_ROCK_VOUCHER_10500,SEASHELLS,3.0,12
10087,1537200,Camilla,Caesar,VOLCANIC_ROCK_VOUCHER_10500,SEASHELLS,3.0,13
10101,1537800,Camilla,Caesar,VOLCANIC_ROCK_VOUCHER_10500,SEASHELLS,3.0,13
10108,1538100,Camilla,Caesar,VOLCANIC_ROCK_VOUCHER_10500,SEASHELLS,3.0,14
10109,1538100,Caesar,Caesar,VOLCANIC_ROCK_VOUCHER_10500,SEASHELLS,3.0,2
10119,1538400,Camilla,Caesar,VOLCANIC_ROCK_VOUCHER_10500,SEASHELLS,4.0,10
10160,1542900,Camilla,Caesar,VOLCANIC_ROCK_VOUCHER_10500,SEASHELLS,3.0,20
10170,1543100,Camilla,Caesar,VOLCANIC_ROCK_VOUCHER_10500,SEASHELLS,3.0,17
10195,1544600,Camilla,Pablo,VOLCANIC_ROCK_VOUCHER_10500,SEASHELLS,3.0,10
10221,1545700,Camilla,Caesar,VOLCANIC_ROCK_VOUCHER_10500,SEASHELLS,3.0,19
10243,1546800,Camilla,Caesar,VOLCANIC_ROCK_VOUCHER_10500,SEASHELLS,3.0,16
10244,1546800,Caesar,Caesar,VOLCANIC_ROCK_VOUCHER_10500,SEASHELLS,3.0,1
10262,1547500,Camilla,Caesar,VOLCANIC_ROCK_VOUCHER_10500,SEASHELLS,3.0,14
10263,1547500,Caesar,Caesar,VOLCANIC_ROCK_VOUCHER_10500,SEASHELLS,3.0,2
10272,1548000,Camilla,Caesar,VOLCANIC_ROCK_VOUCHER_10500,SEASHELLS,3.0,13
10285,1548800,Camilla,Caesar,VOLCANIC_ROCK_VOUCHER_10500,SEASHELLS,3.0,14
10293,1549000,Camilla,Caesar,VOLCANIC_ROCK_VOUCHER_10500,SEASHELLS,3.0,11
10294,1549000,Caesar,Caesar,VOLCANIC_ROCK_VOUCHER_10500,SEASHELLS,3.0,1
10382,1554900,Camilla,Caesar,VOLCANIC_ROCK_VOUCHER_10500,SEASHELLS,2.0,10
10454,1559500,Camilla,Caesar,VOLCANIC_ROCK_VOUCHER_10500,SEASHELLS,2.0,12
10472,1560100,Camilla,Caesar,VOLCANIC_ROCK_VOUCHER_10500,SEASHELLS,2.0,13
10473,1560100,Caesar,Caesar,VOLCANIC_ROCK_VOUCHER_10500,SEASHELLS,2.0,1
10485,1560400,Camilla,Caesar,VOLCANIC_ROCK_VOUCHER_10500,SEASHELLS,1.0,16
10486,1560400,Caesar,Caesar,VOLCANIC_ROCK_VOUCHER_10500,SEASHELLS,1.0,1
10521,1562600,Camilla,Caesar,VOLCANIC_ROCK_VOUCHER_10500,SEASHELLS,2.0,16
10522,1562600,Caesar,Caesar,VOLCANIC_ROCK_VOUCHER_10500,SEASHELLS,2.0,1
10556,1564500,Camilla,Pablo,VOLCANIC_ROCK_VOUCHER_10500,SEASHELLS,2.0,13
10574,1565100,Camilla,Caesar,VOLCANIC_ROCK_VOUCHER_10500,SEASHELLS,2.0,11
10575,1565100,Caesar,Caesar,VOLCANIC_ROCK_VOUCHER_10500,SEASHELLS,2.0,2
10629,1568400,Camilla,Caesar,VOLCANIC_ROCK_VOUCHER_10500,SEASHELLS,2.0,14
10642,1569300,Camilla,Caesar,VOLCANIC_ROCK_VOUCHER_10500,SEASHELLS,2.0,16
10643,1569300,Caesar,Caesar,VOLCANIC_ROCK_VOUCHER_10500,SEASHELLS,2.0,2
10681,1570600,Camilla,Caesar,VOLCANIC_ROCK_VOUCHER_10500,SEASHELLS,2.0,12
10687,1570700,Camilla,Pablo,VOLCANIC_ROCK_VOUCHER_10500,SEASHELLS,2.0,7
10701,1571600,Camilla,Pablo,VOLCANIC_ROCK_VOUCHER_10500,SEASHELLS,2.0,11
10733,1574300,Camilla,Caesar,VOLCANIC_ROCK_VOUCHER_10500,SEASHELLS,2.0,11
10748,1575100,Camilla,Caesar,VOLCANIC_ROCK_VOUCHER_10500,SEASHELLS,2.0,11
10749,1575100,Caesar,Caesar,VOLCANIC_ROCK_VOUCHER_10500,SEASHELLS,2.0,2
10761,1575200,Camilla,Caesar,VOLCANIC_ROCK_VOUCHER_10500,SEASHELLS,2.0,10
10797,1577500,Camilla,Caesar,VOLCANIC_ROCK_VOUCHER_10500,SEASHELLS,2.0,10
10829,1579900,Camilla,Caesar,VOLCANIC_ROCK_VOUCHER_10500,SEASHELLS,2.0,19
10830,1579900,Caesar,Caesar,VOLCANIC_ROCK_VOUCHER_10500,SEASHELLS,2.0,1
10866,1581200,Camilla,Caesar,VOLCANIC_ROCK_VOUCHER_10500,SEASHELLS,2.0,12
10897,1583000,Camilla,Caesar,VOLCANIC_ROCK_VOUCHER_10500,SEASHELLS,2.0,10
10898,1583000,Caesar,Caesar,VOLCANIC_ROCK_VOUCHER_10500,SEASHELLS,2.0,1
10922,1584500,Camilla,Caesar,VOLCANIC_ROCK_VOUCHER_10500,SEASHELLS,2.0,18
10965,1586700,Camilla,Caesar,VOLCANIC_ROCK_VOUCHER_10500,SEASHELLS,1.0,12
10970,1586800,Camilla,Caesar,VOLCANIC_ROCK_VOUCHER_10500,SEASHELLS,1.0,11
11015,1589100,Camilla,Caesar,VOLCANIC_ROCK_VOUCHER_10500,SEASHELLS,1.0,16
